ISA*00*          *00*          *ZZ*EMEDNYBAT      *ZZ*F00            *140209*0604*^*00501*040066653*0*P*:~GS*HP*EMEDNYBAT*F00*20140209*06045800*40066653*X*005010X221A1~ST*835*190300899~BPR*I*43846.85*C*ACH*CCP*01*021300556*DA*320993201765*1141797357**01*021000089*DA*40004401*20140226~TRN*1*021300073477828*1141797357~REF*EV*F00~DTM*405*20140210~N1*PR*NYSDOH~N3*OFFICE OF HEALTH INSURANCE PROGRAMS*CORNING TOWER, EMPIRE STATE PLAZA~N4*ALBANY*NY*122370080~PER*BL*PROVIDER SERVICES*TE*8003439000*UR*www.emedny.org~N1*PE*NEW YORK UNIV DENTAL CTR*XX*1164555124~N4*NEW YORK*NY*100031402~REF*TJ*135562308~LX*1~CLP*1934807_1523*1*232*0**MC*1330200035698820*03*1~NM1*QC*1*Sinchibarbecho*Luis****MI*UQ72710C~NM1*74*1*SINCHIBARBECHO*LUIS*J~REF*EA*1934807_1523~DTM*232*20131009~DTM*233*20131009~DTM*036*20130331~SVC*AD:D8670*232*0**0~DTM*472*20131009~CAS*CO*200*232~CLP*1934983_1523*1*232*0**MC*1330200035699620*03*1~NM1*QC*1*Sanchez Flores*Cristobal****MI*RA63608N~NM1*74*1*SANCHEZFLORES*CRISTOBAL*C~REF*EA*1934983_1523~DTM*232*20131009~DTM*233*20131009~DTM*036*20130226~SVC*AD:D8670*232*0**0~DTM*472*20131009~CAS*CO*200*232~CLP*1935390_1523*1*232*0**MC*1330200035700620*03*1~NM1*QC*1*Watt*Daniel****MI*PM11567P~REF*EA*1935390_1523~DTM*232*20131010~DTM*233*20131010~DTM*036*20130814~SVC*AD:D8670*232*0**0~DTM*472*20131010~CAS*CO*200*232~CLP*1938563_1523*1*232*0**MC*1330200035707020*03*1~NM1*QC*1*Francis*Patricia****MI*VK58177T~NM1*74*1*FRANCIS*PATRICIA*A~REF*EA*1938563_1523~DTM*232*20131021~DTM*233*20131021~DTM*036*20130831~SVC*AD:D8670*232*0**0~DTM*472*20131021~CAS*CO*200*232~REF*G1*31059582444~CLP*112A*3*124.17*0**MC*1403000088530330*73*1~NM1*QC*1*WILLIAMS*NED****MI*NV96221N~NM1*82*1******XX*1518920727~REF*9A*1428~REF*CE*LR~DTM*232*20140122~DTM*233*20140122~SVC*HC:D5422*124.17*0**0~DTM*472*20140122~CAS*CO*129*124.17~REF*6R*1~LQ*HE*N48~CLP*112A*3*124.17*0**MC*1403000088532430*73*1~NM1*QC*1*WILLIAMS*NED****MI*NV96221N~NM1*82*1******XX*1518920727~REF*9A*1428~REF*CE*LR~DTM*232*20131203~DTM*233*20131203~SVC*HC:D5422*124.17*0**0~DTM*472*20131203~CAS*CO*129*124.17~REF*6R*1~LQ*HE*N48~CLP*112A*3*124.17*0**MC*1403000088534130*73*1~NM1*QC*1*WILLIAMS*NED****MI*NV96221N~NM1*82*1******XX*1518920727~REF*9A*1428~REF*CE*LR~DTM*232*20131113~DTM*233*20131113~SVC*HC:D5414*124.17*0**0~DTM*472*20131113~CAS*CO*129*124.17~REF*6R*1~LQ*HE*N48~CLP*112C*2*124.17*0**MC*1403000088538030*73*1~NM1*QC*1*LOPEZ*MIRNA*B***MI*TC40616S~NM1*82*1******XX*1518920727~REF*9A*1428~REF*CE*LR~DTM*232*20140122~DTM*233*20140122~SVC*HC:D0120*124.17*0**0~DTM*472*20140122~CAS*CO*16*124.17~REF*6R*1~LQ*HE*MA04~CLP*112C*2*124.17*0**MC*1403000088539630*73*1~NM1*QC*1*LOPEZ*MIRNA*B***MI*TC40616S~NM1*82*1******XX*1518920727~REF*9A*1428~REF*CE*LR~DTM*232*20140110~DTM*233*20140110~SVC*HC:D9110*124.17*0**0~DTM*472*20140110~CAS*CO*16*124.17~REF*6R*1~LQ*HE*MA04~CLP*112I*2*124.17*89.9*3*MC*1403000088540730*73*1~NM1*QC*1*INFANTE*BENJAMIN****MI*ZC56971B~NM1*82*1******XX*1518920727~REF*9A*1428~REF*CE*LR~DTM*232*20140129~DTM*233*20140129~AMT*AU*92.9~SVC*HC:D9430*124.17*89.9**1~DTM*472*20140129~CAS*CO*94*-20.82**45*52.09~CAS*PR*3*3~REF*1S*00350~REF*6R*1~AMT*B6*92.9~AMT*ZK*72.08~QTY*ZK*.4639~QTY*ZL*100~CLP*112I*2*124.17*248.39*3*MC*1403000088542030*73*1~NM1*QC*1*INFANTE*BENJAMIN****MI*ZC56971B~NM1*82*1******XX*1518920727~REF*9A*1428~REF*CE*LR~DTM*232*20140122~DTM*233*20140122~AMT*AU*251.39~SVC*HC:D5821*0*161.1**1~DTM*472*20140122~CAS*CO*94*-20.82**45*-143.28~CAS*PR*3*3~REF*1S*00356~REF*6R*2~AMT*B6*164.1~AMT*ZK*143.28~QTY*ZK*.9221~QTY*ZL*100~SVC*HC:D7140*124.17*87.29**1~DTM*472*20140122~CAS*CO*45*36.88~REF*1S*00367~REF*6R*1~AMT*B6*87.29~AMT*ZK*87.29~QTY*ZK*.7491~QTY*ZL*50~CLP*112I*2*124.17*54.05*3*MC*1403000088542630*73*1~NM1*QC*1*INFANTE*BENJAMIN****MI*ZC56971B~NM1*82*1******XX*1518920727~REF*9A*1428~REF*CE*LR~DTM*232*20131211~DTM*233*20131211~AMT*AU*57.05~SVC*HC:D0470*124.17*54.05**1~DTM*472*20131211~CAS*CO*94*-20.82**45*87.94~CAS*PR*3*3~REF*1S*00376~REF*6R*1~AMT*B6*57.05~AMT*ZK*36.23~QTY*ZK*.2332~QTY*ZL*100~CLP*112I*2*124.17*192.48*3*MC*1403000088544030*73*1~NM1*QC*1*INFANTE*BENJAMIN****MI*ZC56971B~NM1*82*1******XX*1518920727~REF*9A*1428~REF*CE*LR~DTM*232*20131209~DTM*233*20131209~AMT*AU*195.48~SVC*HC:D3310*124.17*192.48**1~DTM*472*20131209~CAS*CO*94*-20.82**45*-50.49~CAS*PR*3*3~REF*1S*00365~REF*6R*1~AMT*B6*195.48~AMT*ZK*174.66~QTY*ZK*1.1241~QTY*ZL*100~CLP*112I*2*124.17*213.27*3*MC*1403000088544930*73*1~NM1*QC*1*INFANTE*BENJAMIN****MI*ZC56971B~NM1*82*1******XX*1518920727~REF*9A*1428~REF*CE*LR~DTM*232*20131202~DTM*233*20131202~AMT*AU*216.27~SVC*HC:D3310*124.17*192.48**1~DTM*472*20131202~CAS*CO*94*-20.82**45*-50.49~CAS*PR*3*3~REF*1S*00365~REF*6R*1~AMT*B6*195.48~AMT*ZK*174.66~QTY*ZK*1.1241~QTY*ZL*100~SVC*HC:D0220*0*20.79**1~DTM*472*20131202~CAS*CO*45*-20.79~REF*1S*00373~REF*6R*2~AMT*B6*20.79~AMT*ZK*20.79~QTY*ZK*.1338~QTY*ZL*100~CLP*1127*2*124.17*104.76*3*MC*1403000088545530*73*1~NM1*QC*1*JIRAK*JOSEPH*M***MI*VV80052E~NM1*82*1******XX*1518920727~REF*9A*1428~REF*CE*LR~DTM*232*20140122~DTM*233*20140122~AMT*AU*107.76~SVC*HC:D1110*0*68.52**1~DTM*472*20140122~CAS*CO*94*-20.82**45*-50.7~CAS*PR*3*3~REF*1S*00377~REF*6R*2~AMT*B6*71.52~AMT*ZK*50.7~QTY*ZK*.3263~QTY*ZL*100~SVC*HC:D0120*124.17*36.24**1~DTM*472*20140122~CAS*CO*45*87.93~REF*1S*00376~REF*6R*1~AMT*B6*36.24~AMT*ZK*36.24~QTY*ZK*.2332~QTY*ZL*100~CLP*1126*2*124.17*228.83*3*MC*1403000088546430*73*1~NM1*QC*1*YOUNG*LARRY****MI*WS47950T~NM1*82*1******XX*1518920727~REF*9A*1428~REF*CE*LR~DTM*232*20140129~DTM*233*20140129~AMT*AU*231.83~SVC*HC:D5120*124.17*228.83**1~DTM*472*20140129~CAS*CO*94*-20.82**45*-86.84~CAS*PR*3*3~REF*1S*00358~REF*6R*1~AMT*B6*231.83~AMT*ZK*211.01~QTY*ZK*1.358~QTY*ZL*100~CLP*1126*2*124.17*228.83*3*MC*1403000088548130*73*1~NM1*QC*1*YOUNG*LARRY****MI*WS47950T~NM1*82*1******XX*1518920727~REF*9A*1428~REF*CE*LR~DTM*232*20140122~DTM*233*20140122~AMT*AU*231.83~SVC*HC:D5120*124.17*228.83**1~DTM*472*20140122~CAS*CO*94*-20.82**45*-86.84~CAS*PR*3*3~REF*1S*00358~REF*6R*1~AMT*B6*231.83~AMT*ZK*211.01~QTY*ZK*1.358~QTY*ZL*100~CLP*1126*2*124.17*228.83*3*MC*1403000088549230*73*1~NM1*QC*1*YOUNG*LARRY****MI*WS47950T~NM1*82*1******XX*1518920727~REF*9A*1428~REF*CE*LR~DTM*232*20140108~DTM*233*20140108~AMT*AU*231.83~SVC*HC:D5110*124.17*228.83**1~DTM*472*20140108~CAS*CO*94*-20.82**45*-86.84~CAS*PR*3*3~REF*1S*00358~REF*6R*1~AMT*B6*231.83~AMT*ZK*211.01~QTY*ZK*1.358~QTY*ZL*100~CLP*1126*2*124.17*228.83*3*MC*1403000088550430*73*1~NM1*QC*1*YOUNG*LARRY****MI*WS47950T~NM1*82*1******XX*1518920727~REF*9A*1428~REF*CE*LR~DTM*232*20131127~DTM*233*20131127~AMT*AU*231.83~SVC*HC:D5110*124.17*228.83**1~DTM*472*20131127~CAS*CO*94*-20.82**45*-86.84~CAS*PR*3*3~REF*1S*00358~REF*6R*1~AMT*B6*231.83~AMT*ZK*211.01~QTY*ZK*1.358~QTY*ZL*100~CLP*1126*2*124.17*54.05*3*MC*1403000088551530*73*1~NM1*QC*1*YOUNG*LARRY****MI*WS47950T~NM1*82*1******XX*1518920727~REF*9A*1428~REF*CE*LR~DTM*232*20131105~DTM*233*20131105~AMT*AU*57.05~SVC*HC:D0470*124.17*54.05**1~DTM*472*20131105~CAS*CO*94*-20.82**45*87.94~CAS*PR*3*3~REF*1S*00376~REF*6R*1~AMT*B6*57.05~AMT*ZK*36.23~QTY*ZK*.2332~QTY*ZL*100~CLP*1127*2*124.17*382.56*3*MC*1403000088552330*73*1~NM1*QC*1*JIRAK*JOSEPH*M***MI*VV80052E~NM1*82*1******XX*1518920727~REF*9A*1428~REF*CE*LR~DTM*232*20140114~DTM*233*20140114~AMT*AU*385.56~SVC*HC:D2751*124.17*382.56**1~DTM*472*20140114~CAS*CO*94*-20.82**45*-240.57~CAS*PR*3*3~REF*1S*00363~REF*6R*1~AMT*B6*385.56~AMT*ZK*364.74~QTY*ZK*2.3474~QTY*ZL*100~CLP*1127*2*124.17*119.76*3*MC*1403000088553730*73*1~NM1*QC*1*JIRAK*JOSEPH*M***MI*VV80052E~NM1*82*1******XX*1518920727~REF*9A*1428~REF*CE*LR~DTM*232*20140107~DTM*233*20140107~AMT*AU*122.76~SVC*HC:D2392*124.17*119.76**1~DTM*472*20140107~CAS*CO*94*-20.82**45*22.23~CAS*PR*3*3~REF*1S*00361~REF*6R*1~AMT*B6*122.76~AMT*ZK*101.94~QTY*ZK*.6561~QTY*ZL*100~CLP*1127*2*124.17*119.76*3*MC*1403000088554930*73*1~NM1*QC*1*JIRAK*JOSEPH*M***MI*VV80052E~NM1*82*1******XX*1518920727~REF*9A*1428~REF*CE*LR~DTM*232*20131219~DTM*233*20131219~AMT*AU*122.76~SVC*HC:D2330*124.17*119.76**1~DTM*472*20131219~CAS*CO*94*-20.82**45*22.23~CAS*PR*3*3~REF*1S*00361~REF*6R*1~AMT*B6*122.76~AMT*ZK*101.94~QTY*ZK*.6561~QTY*ZL*100~CLP*1127*2*124.17*196.23*3*MC*1403000088556430*73*1~NM1*QC*1*JIRAK*JOSEPH*M***MI*VV80052E~NM1*82*1******XX*1518920727~REF*9A*1428~REF*CE*LR~DTM*232*20131211~DTM*233*20131211~AMT*AU*199.23~SVC*HC:D2391*124.17*119.76**1~DTM*472*20131211~CAS*CO*94*-20.82**45*22.23~CAS*PR*3*3~REF*1S*00361~REF*6R*1~AMT*B6*122.76~AMT*ZK*101.94~QTY*ZK*.6561~QTY*ZL*100~SVC*HC:D2392*0*76.47**1~DTM*472*20131211~CAS*CO*45*-76.47~REF*1S*00361~REF*6R*2~AMT*B6*76.47~AMT*ZK*76.47~QTY*ZK*.6561~QTY*ZL*50~CLP*1127*2*124.17*196.23*3*MC*1403000088557430*73*1~NM1*QC*1*JIRAK*JOSEPH*M***MI*VV80052E~NM1*82*1******XX*1518920727~REF*9A*1428~REF*CE*LR~DTM*232*20131204~DTM*233*20131204~AMT*AU*199.23~SVC*HC:D2391*124.17*119.76**1~DTM*472*20131204~CAS*CO*94*-20.82**45*22.23~CAS*PR*3*3~REF*1S*00361~REF*6R*1~AMT*B6*122.76~AMT*ZK*101.94~QTY*ZK*.6561~QTY*ZL*100~SVC*HC:D2392*0*76.47**1~DTM*472*20131204~CAS*CO*45*-76.47~REF*1S*00361~REF*6R*2~AMT*B6*76.47~AMT*ZK*76.47~QTY*ZK*.6561~QTY*ZL*50~CLP*1127*2*124.17*196.23*3*MC*1403000088558730*73*1~NM1*QC*1*JIRAK*JOSEPH*M***MI*VV80052E~NM1*82*1******XX*1518920727~REF*9A*1428~REF*CE*LR~DTM*232*20131127~DTM*233*20131127~AMT*AU*199.23~SVC*HC:D2392*124.17*119.76**1~DTM*472*20131127~CAS*CO*94*-20.82**45*22.23~CAS*PR*3*3~REF*1S*00361~REF*6R*1~AMT*B6*122.76~AMT*ZK*101.94~QTY*ZK*.6561~QTY*ZL*100~SVC*HC:D2332*0*76.47**1~DTM*472*20131127~CAS*CO*45*-76.47~REF*1S*00361~REF*6R*2~AMT*B6*76.47~AMT*ZK*76.47~QTY*ZK*.6561~QTY*ZL*50~CLP*15F2*3*124.17*0**MC*1403100081031730*73*1~NM1*QC*1*ACKERMAN*MICHAEL*J***MI*RE47191D~NM1*82*1******XX*1518920727~REF*9A*1428~REF*CE*LR~DTM*232*20131007~DTM*233*20131007~SVC*HC:D0140*124.17*0**0~DTM*472*20131007~CAS*CO*29*124.17~REF*6R*01~CLP*112A*2*124.17*387.08*3*MC*1403100081034130*73*1~NM1*QC*1*ADAMS*CASSANDRA*D***MI*ZZ75044T~NM1*82*1******XX*1518920727~REF*9A*1428~REF*CE*LR~DTM*232*20131016~DTM*233*20131016~AMT*AU*390.08~SVC*HC:D5214*124.17*228.83**1~DTM*472*20131016~CAS*CO*94*-20.82**45*-86.84~CAS*PR*3*3~REF*1S*00358~REF*6R*01~AMT*B6*231.83~AMT*ZK*211.01~QTY*ZK*1.358~QTY*ZL*100~SVC*HC:D5213*0*158.25**1~DTM*472*20131016~CAS*CO*45*-158.25~REF*1S*00358~REF*6R*02~AMT*B6*158.25~AMT*ZK*158.25~QTY*ZK*1.358~QTY*ZL*50~CLP*112A*2*124.17*0**MC*1403100081035730*73*1~NM1*QC*1*ADAMS*CASSANDRA*D***MI*ZZ75044T~NM1*82*1******XX*1518920727~REF*9A*1428~REF*CE*LR~DTM*232*20131016~DTM*233*20131016~SVC*HC:D5213*0*0**0~DTM*472*20131016~CAS*CO*16*0~REF*6R*02~LQ*HE*MA31~SVC*HC:D5214*124.17*0**0~DTM*472*20131122~CAS*CO*16*124.17~REF*6R*01~LQ*HE*MA31~CLP*112A*2*124.17*387.08*3*MC*1403100081036930*73*1~NM1*QC*1*ADAMS*CASSANDRA*D***MI*ZZ75044T~NM1*82*1******XX*1518920727~REF*9A*1428~REF*CE*LR~DTM*232*20131211~DTM*233*20131211~AMT*AU*390.08~SVC*HC:D5214*124.17*228.83**1~DTM*472*20131211~CAS*CO*94*-20.82**45*-86.84~CAS*PR*3*3~REF*1S*00358~REF*6R*01~AMT*B6*231.83~AMT*ZK*211.01~QTY*ZK*1.358~QTY*ZL*100~SVC*HC:D5213*0*158.25**1~DTM*472*20131211~CAS*CO*45*-158.25~REF*1S*00358~REF*6R*02~AMT*B6*158.25~AMT*ZK*158.25~QTY*ZK*1.358~QTY*ZL*50~CLP*24B1*2*124.17*0**MC*1403100081037630*73*1~NM1*QC*1*HOLMES*ERNEST****MI*ZW30134Y~NM1*82*1******XX*1518920727~REF*9A*1428~REF*CE*LR~DTM*232*20131002~DTM*233*20131002~SVC*HC:D7210*124.17*0**0~DTM*472*20131002~CAS*CO*29*124.17~REF*6R*01~CLP*24B1*2*124.17*221.51*3*MC*1403100081041230*73*1~NM1*QC*1*DORTCH*ROSE****MI*VR41814Y~NM1*82*1******XX*1518920727~REF*9A*1428~REF*CE*LR~DTM*232*20131127~DTM*233*20131127~AMT*AU*224.51~SVC*HC:D7140*124.17*134.22**1~DTM*472*20131127~CAS*CO*94*-20.82**45*7.77~CAS*PR*3*3~REF*1S*00367~REF*6R*01~AMT*B6*137.22~AMT*ZK*116.4~QTY*ZK*.7491~QTY*ZL*100~SVC*HC:D7310*0*87.29**1~DTM*472*20131127~CAS*CO*45*-87.29~REF*1S*00367~REF*6R*02~AMT*B6*87.29~AMT*ZK*87.29~QTY*ZK*.7491~QTY*ZL*50~CLP*112E*2*124.17*543.33*3*MC*1403100081042030*73*1~NM1*QC*1*BURKE*KATRINA****MI*ZS28096A~NM1*82*1******XX*1518920727~REF*9A*1428~REF*CE*LR~DTM*232*20131113~DTM*233*20131113~AMT*AU*546.33~SVC*HC:D6751*124.17*344.97**1~DTM*472*20131113~CAS*CO*94*-20.82**45*-202.98~CAS*PR*3*3~REF*1S*00355~REF*6R*01~AMT*B6*347.97~AMT*ZK*327.15~QTY*ZK*2.1055~QTY*ZL*100~SVC*HC:D6241*0*198.36**1~DTM*472*20131113~CAS*CO*45*-198.36~REF*1S*00354~REF*6R*02~AMT*B6*198.36~AMT*ZK*198.36~QTY*ZK*1.7021~QTY*ZL*50~CLP*112G*3*124.17*344.97*3*MC*1403100081043430*73*1~NM1*QC*1*PERALTA*SERGIA*A***MI*WP38391B~NM1*82*1******XX*1518920727~REF*9A*1428~REF*CE*LR~DTM*232*20131025~DTM*233*20131025~AMT*AU*347.97~SVC*HC:D6751*124.17*344.97**1~DTM*472*20131025~CAS*CO*94*-20.82**45*-202.98~CAS*PR*3*3~REF*1S*00355~REF*6R*01~AMT*B6*347.97~AMT*ZK*327.15~QTY*ZK*2.1055~QTY*ZL*100~CLP*57N2*2*124.17*126.01*3*MC*1403100081044830*73*1~NM1*QC*1*JACKSON*RENE*L***MI*ZE03614J~NM1*82*1******XX*1518920727~REF*9A*1428~REF*CE*LR~DTM*232*20130918~DTM*233*20130918~AMT*AU*129.01~SVC*HC:D0330*0*89.78**1~DTM*472*20130918~CAS*CO*94*-20.82**45*-71.96~CAS*PR*3*3~REF*1S*00374~REF*6R*02~AMT*B6*92.78~AMT*ZK*71.96~QTY*ZK*.4631~QTY*ZL*100~SVC*HC:D0160*124.17*36.23**1~DTM*472*20130918~CAS*CO*45*87.94~REF*1S*00376~REF*6R*01~AMT*B6*36.23~AMT*ZK*36.23~QTY*ZK*.2332~QTY*ZL*100~CLP*1125*2*124.17*231.83**MC*1403100081045830*73*1~NM1*QC*1*LAIFER*GAIL****MI*WE66856B~NM1*82*1******XX*1518920727~REF*9A*1428~REF*CE*LR~DTM*232*20131127~DTM*233*20131127~AMT*AU*231.83~SVC*HC:D5110*124.17*231.83**1~DTM*472*20131127~CAS*CO*94*-20.82**45*-86.84~REF*1S*00358~REF*6R*01~AMT*B6*231.83~AMT*ZK*211.01~QTY*ZK*1.358~QTY*ZL*100~CLP*112E*2*124.17*122.76**MC*1403100081047730*73*1~NM1*QC*1*LAIFER*GAIL****MI*WE66856B~NM1*82*1******XX*1518920727~REF*9A*1428~REF*CE*LR~DTM*232*20131202~DTM*233*20131202~AMT*AU*122.76~SVC*HC:D2331*124.17*122.76**1~DTM*472*20131202~CAS*CO*94*-20.82**45*22.23~REF*1S*00361~REF*6R*01~AMT*B6*122.76~AMT*ZK*101.94~QTY*ZK*.6561~QTY*ZL*100~CLP*1125*2*124.17*106.04*3*MC*1403100081049030*73*1~NM1*QC*1*OTTEY*DYMOND****MI*XF95140J~NM1*82*1******XX*1518920727~REF*9A*1428~REF*CE*LR~DTM*232*20131202~DTM*233*20131202~AMT*AU*109.04~SVC*HC:D0160*124.17*54.05**1~DTM*472*20131202~CAS*CO*94*-20.82**45*87.94~CAS*PR*3*3~REF*1S*00376~REF*6R*01~AMT*B6*57.05~AMT*ZK*36.23~QTY*ZK*.2332~QTY*ZL*100~SVC*HC:D0220*0*20.79**1~DTM*472*20131202~CAS*CO*45*-20.79~REF*1S*00373~REF*6R*02~AMT*B6*20.79~AMT*ZK*20.79~QTY*ZK*.1338~QTY*ZL*100~SVC*HC:D0274*0*15.6**1~DTM*472*20131202~CAS*CO*45*-15.6~REF*1S*00373~REF*6R*04~AMT*B6*15.6~AMT*ZK*15.6~QTY*ZK*.1338~QTY*ZL*50~SVC*HC:D0230*0*15.6**1~DTM*472*20131202~CAS*CO*45*-15.6~REF*1S*00373~REF*6R*03~AMT*B6*15.6~AMT*ZK*15.6~QTY*ZK*.1338~QTY*ZL*50~CLP*1129*2*124.17*195.48**MC*1403100081050530*73*1~NM1*QC*1*PILLS*SUSAN*M***MI*QV09775W~NM1*82*1******XX*1518920727~REF*9A*1428~REF*CE*LR~DTM*232*20131029~DTM*233*20131029~AMT*AU*195.48~SVC*HC:D3310*124.17*195.48**1~DTM*472*20131029~CAS*CO*94*-20.82**45*-50.49~REF*1S*00365~REF*6R*01~AMT*B6*195.48~AMT*ZK*174.66~QTY*ZK*1.1241~QTY*ZL*100~CLP*112I*2*124.17*90.44*3*MC*1403100081052730*73*1~NM1*QC*1*KEKETSIDES*ANASTASIOS****MI*SJ59332Y~NM1*82*1******XX*1518920727~REF*9A*1428~REF*CE*LR~DTM*232*20131007~DTM*233*20131007~AMT*AU*93.44~SVC*HC:D0160*124.17*54.05**1~DTM*472*20131007~CAS*CO*94*-20.82**45*87.94~CAS*PR*3*3~REF*1S*00376~REF*6R*01~AMT*B6*57.05~AMT*ZK*36.23~QTY*ZK*.2332~QTY*ZL*100~SVC*HC:D0220*0*20.79**1~DTM*472*20131007~CAS*CO*45*-20.79~REF*1S*00373~REF*6R*02~AMT*B6*20.79~AMT*ZK*20.79~QTY*ZK*.1338~QTY*ZL*100~SVC*HC:D0274*0*15.6**1~DTM*472*20131007~CAS*CO*45*-15.6~REF*1S*00373~REF*6R*03~AMT*B6*15.6~AMT*ZK*15.6~QTY*ZK*.1338~QTY*ZL*50~CLP*112B*2*124.17*126.29*3*MC*1403100081054030*73*1~NM1*QC*1*CAMPBELLBEYMAN*BRENDA****MI*WE50232K~NM1*82*1******XX*1518920727~REF*9A*1428~REF*CE*LR~DTM*232*20131021~DTM*233*20131021~AMT*AU*129.29~SVC*HC:D9110*124.17*89.9**1~DTM*472*20131021~CAS*CO*94*-20.82**45*52.09~CAS*PR*3*3~REF*1S*00350~REF*6R*01~AMT*B6*92.9~AMT*ZK*72.08~QTY*ZK*.4639~QTY*ZL*100~SVC*HC:D0220*0*20.79**1~DTM*472*20131021~CAS*CO*45*-20.79~REF*1S*00373~REF*6R*02~AMT*B6*20.79~AMT*ZK*20.79~QTY*ZK*.1338~QTY*ZL*100~SVC*HC:D0270*0*15.6**1~DTM*472*20131021~CAS*CO*45*-15.6~REF*1S*00373~REF*6R*03~AMT*B6*15.6~AMT*ZK*15.6~QTY*ZK*.1338~QTY*ZL*50~CLP*14A1*2*124.17*134.22*3*MC*1403100081056330*73*1~NM1*QC*1*BARBARO*CAROL****MI*XN74694E~NM1*82*1******XX*1518920727~REF*9A*1428~REF*CE*LR~DTM*232*20131023~DTM*233*20131023~AMT*AU*137.22~SVC*HC:D7210*124.17*134.22**1~DTM*472*20131023~CAS*CO*94*-20.82**45*7.77~CAS*PR*3*3~REF*1S*00367~REF*6R*01~AMT*B6*137.22~AMT*ZK*116.4~QTY*ZK*.7491~QTY*ZL*100~CLP*15F2*2*124.17*54.05*3*MC*1403100081060830*73*1~NM1*QC*1*JORDAN*LYNN****MI*ZV95353Y~NM1*82*1******XX*1518920727~REF*9A*1428~REF*CE*LR~DTM*232*20131023~DTM*233*20131023~AMT*AU*57.05~SVC*HC:D0140*124.17*54.05**1~DTM*472*20131023~CAS*CO*94*-20.82**45*87.94~CAS*PR*3*3~REF*1S*00376~REF*6R*01~AMT*B6*57.05~AMT*ZK*36.23~QTY*ZK*.2332~QTY*ZL*100~CLP*112H*2*124.17*144.19*3*MC*1403100081062130*73*1~NM1*QC*1*VELAZQUEZ*LIDUVINA****MI*WR97592B~NM1*82*1******XX*1518920727~REF*9A*1428~REF*CE*LR~DTM*232*20131021~DTM*233*20131021~AMT*AU*147.19~SVC*HC:D4341*124.17*144.19**1~DTM*472*20131021~CAS*CO*94*-20.82**45*-2.2~CAS*PR*3*3~REF*1S*00352~REF*6R*01~AMT*B6*147.19~AMT*ZK*126.37~QTY*ZK*.8133~QTY*ZL*100~CLP*112H*2*124.17*0**MC*1403100081064130*73*1~NM1*QC*1*GORADIA*YOGESH*B***MI*DN10857S~NM1*82*1******XX*1518920727~REF*9A*1428~REF*CE*LR~DTM*232*20131009~DTM*233*20131009~SVC*HC:D0160*124.17*0**0~DTM*472*20131009~CAS*CO*29*124.17~REF*6R*01~CLP*112I*3*124.17*0**MC*1403100081065930*73*1~NM1*QC*1*HUAMAN*EULOGIO*C***MI*TH74997G~NM1*82*1******XX*1518920727~REF*9A*1428~REF*CE*LR~DTM*232*20131003~DTM*233*20131003~SVC*HC:D4910*124.17*0**0~DTM*472*20131003~CAS*CO*29*124.17~REF*6R*01~CLP*1128*2*124.17*0**MC*1403100081067630*73*1~NM1*QC*1*XU*RUILI****MI*TA10712K~NM1*82*1******XX*1518920727~REF*9A*1428~REF*CE*LR~DTM*232*20131022~DTM*233*20131022~SVC*HC:D5460*124.17*0**0~DTM*472*20131022~CAS*CO*181*124.17~REF*1S*00999~REF*6R*01~CLP*112H*3*124.17*119.76*3*MC*1403100081069830*73*1~NM1*QC*1*GALLAGHER*REBECCA*D***MI*UD16893N~NM1*82*1******XX*1518920727~REF*9A*1428~REF*CE*LR~DTM*232*20131007~DTM*233*20131007~AMT*AU*122.76~SVC*HC:D2150*124.17*119.76**1~DTM*472*20131007~CAS*CO*94*-20.82**45*22.23~CAS*PR*3*3~REF*1S*00361~REF*6R*01~AMT*B6*122.76~AMT*ZK*101.94~QTY*ZK*.6561~QTY*ZL*100~CLP*112B*3*124.17*0**MC*1403100081071230*73*1~NM1*QC*1*FELICI*ALESSANDRO****MI*PZ48746W~NM1*82*1******XX*1518920727~NM1*GB*1*FELICI*ALESSANDRO****MI*118649916A~REF*9A*1428~REF*CE*LR~DTM*232*20131017~DTM*233*20131017~SVC*HC:D0120*124.17*0**0~DTM*472*20131017~CAS*CO*22*124.17~REF*6R*01~CLP*112B*3*124.17*119.76*3*MC*1403100081073130*73*1~NM1*QC*1*MUSOEV*SULEYMAN****MI*YT89702F~NM1*82*1******XX*1518920727~REF*9A*1428~REF*CE*LR~DTM*232*20131002~DTM*233*20131002~AMT*AU*122.76~SVC*HC:D2331*124.17*119.76**1~DTM*472*20131002~CAS*CO*94*-20.82**45*22.23~CAS*PR*3*3~REF*1S*00361~REF*6R*01~AMT*B6*122.76~AMT*ZK*101.94~QTY*ZK*.6561~QTY*ZL*100~CLP*1128*2*124.17*0**MC*1403100081074330*73*1~NM1*QC*1*FLOWERS*KEVIN*A***MI*WA01945Y~NM1*82*1******XX*1518920727~REF*9A*1428~REF*CE*LR~DTM*232*20131022~DTM*233*20131022~SVC*HC:D0160*124.17*0**1~DTM*472*20131022~CAS*CO*97*124.17~REF*1S*00376~REF*6R*01~AMT*ZK*36.23~QTY*ZK*.2332~QTY*ZL*100~LQ*HE*M86~CLP*112F*2*124.17*382.56*3*MC*1403100081076230*73*1~NM1*QC*1*GOLDMAN*ARNOLD*B***MI*TC14030H~NM1*82*1******XX*1518920727~REF*9A*1428~REF*CE*LR~DTM*232*20131118~DTM*233*20131118~AMT*AU*385.56~SVC*HC:D2751*124.17*382.56**1~DTM*472*20131118~CAS*CO*94*-20.82**45*-240.57~CAS*PR*3*3~REF*1S*00363~REF*6R*01~AMT*B6*385.56~AMT*ZK*364.74~QTY*ZK*2.3474~QTY*ZL*100~CLP*112F*2*124.17*0**MC*1403100123622830*73*1~NM1*QC*1*FONT*LUZ****MI*ZT73420C~NM1*82*1******XX*1518920727~REF*9A*1428~REF*CE*LR~DTM*232*20130924~DTM*233*20130924~SVC*HC:D0160*124.17*0**0~DTM*472*20130924~CAS*CO*29*124.17~REF*6R*01~CLP*112F*2*124.17*0**MC*1403100123623630*73*1~NM1*QC*1*FONT*LUZ****MI*ZT73420C~NM1*82*1******XX*1518920727~REF*9A*1428~REF*CE*LR~DTM*232*20131001~DTM*233*20131001~SVC*HC:D1110*124.17*0**0~DTM*472*20131001~CAS*CO*29*124.17~REF*6R*01~CLP*112J*2*124.17*0**MC*1403100123625130*73*1~NM1*QC*1*HAQUE*MOHAMMED*E***MI*UR07026H~NM1*82*1******XX*1518920727~REF*9A*1428~REF*CE*LR~DTM*232*20131003~DTM*233*20131003~SVC*HC:D1110*124.17*0**0~DTM*472*20131003~CAS*CO*29*124.17~REF*6R*01~CLP*1125*2*124.17*0**MC*1403100123626230*73*1~NM1*QC*1*KEARNS*JANE*E***MI*UB74766T~NM1*82*1******XX*1518920727~REF*9A*1428~REF*CE*LR~DTM*232*20131007~DTM*233*20131007~SVC*HC:D2751*124.17*0**0~DTM*472*20131007~CAS*CO*29*124.17~REF*6R*01~CLP*112B*2*124.17*0**MC*1403100123626930*73*1~NM1*QC*1*LEE*JOSHUA*B***MI*VC37611N~NM1*82*1******XX*1518920727~REF*9A*1428~REF*CE*LR~DTM*232*20131007~DTM*233*20131007~SVC*HC:D1110*124.17*0**0~DTM*472*20131007~CAS*CO*29*124.17~REF*6R*01~CLP*112A*2*124.17*0**MC*1403100123627830*73*1~NM1*QC*1*COX*KAREN*J***MI*YM05197Y~NM1*82*1******XX*1518920727~REF*9A*1428~REF*CE*LR~DTM*232*20131007~DTM*233*20131007~SVC*HC:D5214*124.17*0**0~DTM*472*20131007~CAS*CO*29*124.17~REF*6R*01~CLP*112G*2*124.17*0**MC*1403100123628730*73*1~NM1*QC*1*CHASE*DARREN****MI*PG63224H~NM1*82*1******XX*1518920727~REF*9A*1428~REF*CE*LR~DTM*232*20131003~DTM*233*20131003~SVC*HC:D2391*124.17*0**0~DTM*472*20131003~CAS*CO*29*124.17~REF*6R*01~CLP*24B1*2*124.17*0**MC*1403100123629330*73*1~NM1*QC*1*KELLER*IRA****MI*YS33606D~NM1*82*1******XX*1518920727~REF*9A*1428~REF*CE*LR~DTM*232*20131003~DTM*233*20131003~SVC*HC:D7320*124.17*0**0~DTM*472*20131003~CAS*CO*29*124.17~REF*6R*01~CLP*224N*2*124.17*0**MC*1403100123630130*73*1~NM1*QC*1*REYES*JUAN****MI*ZD96703M~NM1*82*1******XX*1518920727~REF*9A*1428~REF*CE*LR~DTM*232*20131007~DTM*233*20131007~SVC*HC:D5120*124.17*0**0~DTM*472*20131007~CAS*CO*29*124.17~REF*6R*01~CLP*1128*2*124.17*0**MC*1403100123631130*73*1~NM1*QC*1*WONGHORNING*CECILIA*Y***MI*RY77218C~NM1*82*1******XX*1518920727~REF*9A*1428~REF*CE*LR~DTM*232*20131007~DTM*233*20131007~SVC*HC:D4910*124.17*0**0~DTM*472*20131007~CAS*CO*29*124.17~REF*6R*01~CLP*221P*2*124.17*0**MC*1403100123632130*73*1~NM1*QC*1*SCHLOTTERBECK*KATHERINE****MI*TP90350U~NM1*82*1******XX*1518920727~REF*9A*1428~REF*CE*LR~DTM*232*20131004~DTM*233*20131004~SVC*HC:D1110*124.17*0**0~DTM*472*20131004~CAS*CO*29*124.17~REF*6R*01~CLP*221P*2*124.17*0**MC*1403100123633030*73*1~NM1*QC*1*SCHLOTTERBECK*KATHERINE****MI*TP90350U~NM1*82*1******XX*1518920727~REF*9A*1428~REF*CE*LR~DTM*232*20131009~DTM*233*20131009~SVC*HC:D2150*124.17*0**0~DTM*472*20131009~CAS*CO*29*124.17~REF*6R*01~CLP*15G3*2*124.17*0**MC*1403100123633530*73*1~NM1*QC*1*GREIF*CHRISTOPHE*D***MI*YY96298S~NM1*82*1******XX*1518920727~REF*9A*1428~REF*CE*LR~DTM*232*20131007~DTM*233*20131007~SVC*HC:D2392*124.17*0**0~DTM*472*20131007~CAS*CO*29*124.17~REF*6R*01~CLP*15F2*2*124.17*0**MC*1403100123634230*73*1~NM1*QC*1*FUSCO*IRMA****MI*SX65911G~NM1*82*1******XX*1518920727~REF*9A*1428~REF*CE*LR~DTM*232*20131003~DTM*233*20131003~SVC*HC:D0140*124.17*0**0~DTM*472*20131003~CAS*CO*29*124.17~REF*6R*01~CLP*1126*2*124.17*0**MC*1403100123634730*73*1~NM1*QC*1*PERAZA*ANA****MI*VW91810K~NM1*82*1******XX*1518920727~REF*9A*1428~REF*CE*LR~DTM*232*20131007~DTM*233*20131007~SVC*HC:D5214*0*0**0~DTM*472*20131007~CAS*CO*29*0~REF*6R*02~SVC*HC:D5110*124.17*0**0~DTM*472*20131007~CAS*CO*29*124.17~REF*6R*01~CLP*112H*2*124.17*0**MC*1403400100450930*73*1~NM1*QC*1*GORADIA*YOGESH*B***MI*DN10857S~NM1*82*1******XX*1518920727~REF*9A*1428~REF*CE*LR~DTM*232*20131009~DTM*233*20131009~SVC*HC:D0160*124.17*0**0~DTM*472*20131009~CAS*CO*29*124.17~REF*6R*01~CLP*112G*3*124.17*0**MC*1403400100453430*73*1~NM1*QC*1*RODRIGUEZ*MARIA*E***MI*UQ61856R~NM1*82*1******XX*1518920727~REF*9A*1428~REF*CE*LR~DTM*232*20130122~DTM*233*20130122~SVC*HC:D0120*124.17*0**0~DTM*472*20140122~CAS*CO*16*124.17~REF*6R*01~LQ*HE*MA31~SVC*HC:D1110*0*0**0~DTM*472*20140122~CAS*CO*16*0~REF*6R*02~LQ*HE*MA31~CLP*1126*2*124.17*104.76*3*MC*1403400100455130*73*1~NM1*QC*1*TAYLOR*BILLY****MI*PE90688A~NM1*82*1******XX*1518920727~REF*9A*1428~REF*CE*LR~DTM*232*20140131~DTM*233*20140131~AMT*AU*107.76~SVC*HC:D1110*0*68.52**1~DTM*472*20140131~CAS*CO*94*-20.82**45*-50.7~CAS*PR*3*3~REF*1S*00377~REF*6R*02~AMT*B6*71.52~AMT*ZK*50.7~QTY*ZK*.3263~QTY*ZL*100~SVC*HC:D0160*124.17*36.24**1~DTM*472*20140131~CAS*CO*45*87.93~REF*1S*00376~REF*6R*01~AMT*B6*36.24~AMT*ZK*36.24~QTY*ZK*.2332~QTY*ZL*100~CLP*112E*2*124.17*68.52*3*MC*1403400100456430*73*1~NM1*QC*1*GARCIA*EVA****MI*YA81435Q~NM1*82*1******XX*1518920727~REF*9A*1428~REF*CE*LR~DTM*232*20140131~DTM*233*20140131~AMT*AU*71.52~SVC*HC:D1110*124.17*68.52**1~DTM*472*20140131~CAS*CO*94*-20.82**45*73.47~CAS*PR*3*3~REF*1S*00377~REF*6R*01~AMT*B6*71.52~AMT*ZK*50.7~QTY*ZK*.3263~QTY*ZL*100~CLP*1125*2*124.17*192.48*3*MC*1403400100457530*73*1~NM1*QC*1*LOPEZ*ZORAIDA****MI*QU93027K~NM1*82*1******XX*1518920727~REF*9A*1428~REF*CE*LR~DTM*232*20140130~DTM*233*20140130~AMT*AU*195.48~SVC*HC:D3310*124.17*192.48**1~DTM*472*20140130~CAS*CO*94*-20.82**45*-50.49~CAS*PR*3*3~REF*1S*00365~REF*6R*01~AMT*B6*195.48~AMT*ZK*174.66~QTY*ZK*1.1241~QTY*ZL*100~CLP*112A*2*124.17*387.08*3*MC*1403400100458530*73*1~NM1*QC*1*JOHNSON*BETTY****MI*ZC39085J~NM1*82*1******XX*1518920727~REF*9A*1428~REF*CE*LR~DTM*232*20140131~DTM*233*20140131~AMT*AU*390.08~SVC*HC:D5110*124.17*228.83**1~DTM*472*20140131~CAS*CO*94*-20.82**45*-86.84~CAS*PR*3*3~REF*1S*00358~REF*6R*01~AMT*B6*231.83~AMT*ZK*211.01~QTY*ZK*1.358~QTY*ZL*100~SVC*HC:D5214*0*158.25**1~DTM*472*20140131~CAS*CO*45*-158.25~REF*1S*00358~REF*6R*02~AMT*B6*158.25~AMT*ZK*158.25~QTY*ZK*1.358~QTY*ZL*50~CLP*112I*2*124.17*196.23*3*MC*1403400100459130*73*1~NM1*QC*1*REICHEL*AMY*S***MI*EW08926Y~NM1*82*1******XX*1518920727~REF*9A*1428~REF*CE*LR~DTM*232*20140131~DTM*233*20140131~AMT*AU*199.23~SVC*HC:D2391*124.17*119.76**1~DTM*472*20140131~CAS*CO*94*-20.82**45*22.23~CAS*PR*3*3~REF*1S*00361~REF*6R*01~AMT*B6*122.76~AMT*ZK*101.94~QTY*ZK*.6561~QTY*ZL*100~SVC*HC:D2392*0*76.47**1~DTM*472*20140131~CAS*CO*45*-76.47~REF*1S*00361~REF*6R*02~AMT*B6*76.47~AMT*ZK*76.47~QTY*ZK*.6561~QTY*ZL*50~CLP*112C*2*124.17*54.05*3*MC*1403400100461330*73*1~NM1*QC*1*BELTON*ESTELLE****MI*YJ23259G~NM1*82*1******XX*1518920727~REF*9A*1428~REF*CE*LR~DTM*232*20140131~DTM*233*20140131~AMT*AU*57.05~SVC*HC:D0160*124.17*54.05**1~DTM*472*20140131~CAS*CO*94*-20.82**45*87.94~CAS*PR*3*3~REF*1S*00376~REF*6R*01~AMT*B6*57.05~AMT*ZK*36.23~QTY*ZK*.2332~QTY*ZL*100~CLP*112I*2*124.17*134.22*3*MC*1403400100464930*73*1~NM1*QC*1*CRUZ*SOFIA****MI*ZA97446E~NM1*82*1******XX*1518920727~REF*9A*1428~REF*CE*LR~DTM*232*20140131~DTM*233*20140131~AMT*AU*137.22~SVC*HC:D7140*124.17*134.22**1~DTM*472*20140131~CAS*CO*94*-20.82**45*7.77~CAS*PR*3*3~REF*1S*00367~REF*6R*01~AMT*B6*137.22~AMT*ZK*116.4~QTY*ZK*.7491~QTY*ZL*100~CLP*112C*2*124.17*89.9*3*MC*1403400100466430*73*1~NM1*QC*1*BADALYAN*ALEKSANDR****MI*UY32593M~NM1*82*1******XX*1518920727~REF*9A*1428~REF*CE*LR~DTM*232*20140131~DTM*233*20140131~AMT*AU*92.9~SVC*HC:D9110*124.17*89.9**1~DTM*472*20140131~CAS*CO*94*-20.82**45*52.09~CAS*PR*3*3~REF*1S*00350~REF*6R*01~AMT*B6*92.9~AMT*ZK*72.08~QTY*ZK*.4639~QTY*ZL*100~CLP*112E*2*124.17*106.04*3*MC*1403400100468130*73*1~NM1*QC*1*KANGAPPADAN*JOSEPH*T***MI*XH66335H~NM1*82*1******XX*1518920727~REF*9A*1428~REF*CE*LR~DTM*232*20140131~DTM*233*20140131~AMT*AU*109.04~SVC*HC:D0160*124.17*54.05**1~DTM*472*20140131~CAS*CO*94*-20.82**45*87.94~CAS*PR*3*3~REF*1S*00376~REF*6R*01~AMT*B6*57.05~AMT*ZK*36.23~QTY*ZK*.2332~QTY*ZL*100~SVC*HC:D0220*0*20.79**1~DTM*472*20140131~CAS*CO*45*-20.79~REF*1S*00373~REF*6R*02~AMT*B6*20.79~AMT*ZK*20.79~QTY*ZK*.1338~QTY*ZL*100~SVC*HC:D0230*0*15.6**1~DTM*472*20140131~CAS*CO*45*-15.6~REF*1S*00373~REF*6R*03~AMT*B6*15.6~AMT*ZK*15.6~QTY*ZK*.1338~QTY*ZL*50~SVC*HC:D0274*0*15.6**1~DTM*472*20140131~CAS*CO*45*-15.6~REF*1S*00373~REF*6R*04~AMT*B6*15.6~AMT*ZK*15.6~QTY*ZK*.1338~QTY*ZL*50~CLP*112F*2*124.17*54.05*3*MC*1403400100468530*73*1~NM1*QC*1*RODRIGUEZ*NANCY****MI*ZN67623S~NM1*82*1******XX*1518920727~REF*9A*1428~REF*CE*LR~DTM*232*20140130~DTM*233*20140130~AMT*AU*57.05~SVC*HC:D0120*124.17*54.05**1~DTM*472*20140130~CAS*CO*94*-20.82**45*87.94~CAS*PR*3*3~REF*1S*00376~REF*6R*01~AMT*B6*57.05~AMT*ZK*36.23~QTY*ZK*.2332~QTY*ZL*100~CLP*112A*3*124.17*68.52*3*MC*1403400100469530*73*1~NM1*QC*1*MOOREJR*JERMAL*A***MI*ZR49340S~NM1*82*1******XX*1518920727~REF*9A*1428~REF*CE*LR~DTM*232*20140131~DTM*233*20140131~AMT*AU*71.52~SVC*HC:D1110*124.17*68.52**1~DTM*472*20140131~CAS*CO*94*-20.82**45*73.47~CAS*PR*3*3~REF*1S*00377~REF*6R*01~AMT*B6*71.52~AMT*ZK*50.7~QTY*ZK*.3263~QTY*ZL*100~CLP*14A1*3*124.17*137.22**MC*1403400100471730*73*1~NM1*QC*1*CARTAGENA*ROSA*I***MI*YZ58043B~NM1*82*1******XX*1518920727~REF*9A*1428~REF*CE*LR~DTM*232*20140131~DTM*233*20140131~AMT*AU*137.22~SVC*HC:D7210*124.17*137.22**1~DTM*472*20140131~CAS*CO*94*-20.82**45*7.77~REF*1S*00367~REF*6R*01~AMT*B6*137.22~AMT*ZK*116.4~QTY*ZK*.7491~QTY*ZL*100~CLP*112G*2*124.17*228.83*3*MC*1403400100472730*73*1~NM1*QC*1*IWATA*MASAKO****MI*SM41644Y~NM1*82*1******XX*1518920727~REF*9A*1428~REF*CE*LR~DTM*232*20140131~DTM*233*20140131~AMT*AU*231.83~SVC*HC:D5110*124.17*228.83**1~DTM*472*20140131~CAS*CO*94*-20.82**45*-86.84~CAS*PR*3*3~REF*1S*00358~REF*6R*01~AMT*B6*231.83~AMT*ZK*211.01~QTY*ZK*1.358~QTY*ZL*100~CLP*112E*2*124.17*92.9**MC*1403400100474530*73*1~NM1*QC*1*RAIGOSA*JORGE*A***MI*VE69082D~NM1*82*1******XX*1518920727~REF*9A*1428~REF*CE*LR~DTM*232*20140131~DTM*233*20140131~AMT*AU*92.9~SVC*HC:D9110*124.17*92.9**1~DTM*472*20140131~CAS*CO*94*-20.82**45*52.09~REF*1S*00350~REF*6R*01~AMT*B6*92.9~AMT*ZK*72.08~QTY*ZK*.4639~QTY*ZL*100~CLP*112C*2*124.17*68.52*3*MC*1403400100475930*73*1~NM1*QC*1*HARRISON*ALBERT*E***MI*SX71475A~NM1*82*1******XX*1518920727~REF*9A*1428~REF*CE*LR~DTM*232*20140131~DTM*233*20140131~AMT*AU*71.52~SVC*HC:D1110*124.17*68.52**1~DTM*472*20140131~CAS*CO*94*-20.82**45*73.47~CAS*PR*3*3~REF*1S*00377~REF*6R*01~AMT*B6*71.52~AMT*ZK*50.7~QTY*ZK*.3263~QTY*ZL*100~CLP*112H*2*124.17*46.95*3*MC*1403400100477430*73*1~NM1*QC*1*OZORIA*ANA*M***MI*VZ60250H~NM1*82*1******XX*1518920727~REF*9A*1428~REF*CE*LR~DTM*232*20140131~DTM*233*20140131~AMT*AU*49.95~SVC*HC:D9310*124.17*46.95**1~DTM*472*20140131~CAS*CO*94*-20.82**45*95.04~CAS*PR*3*3~REF*1S*00350~REF*6R*01~AMT*B6*49.95~AMT*ZK*29.13~QTY*ZK*.1875~QTY*ZL*100~CLP*112F*2*124.17*382.56*3*MC*1403400100478530*73*1~NM1*QC*1*MARESE*PATRICIA****MI*VG78814D~NM1*82*1******XX*1518920727~REF*9A*1428~REF*CE*LR~DTM*232*20140130~DTM*233*20140131~AMT*AU*385.56~SVC*HC:D2751*124.17*382.56**1~DTM*472*20140130~CAS*CO*94*-20.82**45*-240.57~CAS*PR*3*3~REF*1S*00363~REF*6R*01~AMT*B6*385.56~AMT*ZK*364.74~QTY*ZK*2.3474~QTY*ZL*100~CLP*1127*2*124.17*89.9*3*MC*1403400100479830*73*1~NM1*QC*1*FRANZ*WILLIAM*S***MI*WC40384Z~NM1*82*1******XX*1518920727~REF*9A*1428~REF*CE*LR~DTM*232*20140130~DTM*233*20140130~AMT*AU*92.9~SVC*HC:D9110*124.17*89.9**1~DTM*472*20140130~CAS*CO*94*-20.82**45*52.09~CAS*PR*3*3~REF*1S*00350~REF*6R*01~AMT*B6*92.9~AMT*ZK*72.08~QTY*ZK*.4639~QTY*ZL*100~CLP*112G*3*124.17*89.9*3*MC*1403400100482130*73*1~NM1*QC*1*TOLEDOIBARRA*GABRIELA****MI*RZ68638G~NM1*82*1******XX*1518920727~REF*9A*1428~REF*CE*LR~DTM*232*20140130~DTM*233*20140130~AMT*AU*92.9~SVC*HC:D9110*124.17*89.9**1~DTM*472*20140130~CAS*CO*94*-20.82**45*52.09~CAS*PR*3*3~REF*1S*00350~REF*6R*01~AMT*B6*92.9~AMT*ZK*72.08~QTY*ZK*.4639~QTY*ZL*100~CLP*112F*2*124.17*228.83*3*MC*1403400100483830*73*1~NM1*QC*1*COLON*GLORIA****MI*ZC67638C~NM1*82*1******XX*1518920727~REF*9A*1428~REF*CE*LR~DTM*232*20140131~DTM*233*20140131~AMT*AU*231.83~SVC*HC:D5214*124.17*228.83**1~DTM*472*20140131~CAS*CO*94*-20.82**45*-86.84~CAS*PR*3*3~REF*1S*00358~REF*6R*01~AMT*B6*231.83~AMT*ZK*211.01~QTY*ZK*1.358~QTY*ZL*100~CLP*112G*2*124.17*89.9*3*MC*1403400100485130*73*1~NM1*QC*1*QUINTERO*CARLOS*A***MI*SB09520A~NM1*82*1******XX*1518920727~REF*9A*1428~REF*CE*LR~DTM*232*20140131~DTM*233*20140131~AMT*AU*92.9~SVC*HC:D9110*124.17*89.9**1~DTM*472*20140131~CAS*CO*94*-20.82**45*52.09~CAS*PR*3*3~REF*1S*00350~REF*6R*01~AMT*B6*92.9~AMT*ZK*72.08~QTY*ZK*.4639~QTY*ZL*100~CLP*112C*2*124.17*144.19*3*MC*1403400100485530*73*1~NM1*QC*1*BINYARD*HOSON****MI*VH79704E~NM1*82*1******XX*1518920727~REF*9A*1428~REF*CE*LR~DTM*232*20140131~DTM*233*20140131~AMT*AU*147.19~SVC*HC:D4910*124.17*144.19**1~DTM*472*20140131~CAS*CO*94*-20.82**45*-2.2~CAS*PR*3*3~REF*1S*00352~REF*6R*01~AMT*B6*147.19~AMT*ZK*126.37~QTY*ZK*.8133~QTY*ZL*100~CLP*112I*2*124.17*122.76**MC*1403400100486830*73*1~NM1*QC*1*BERISSO*EDUARDO****MI*RM58889K~NM1*82*1******XX*1518920727~REF*9A*1428~REF*CE*LR~DTM*232*20140131~DTM*233*20140131~AMT*AU*122.76~SVC*HC:D2150*124.17*122.76**1~DTM*472*20140131~CAS*CO*94*-20.82**45*22.23~REF*1S*00361~REF*6R*01~AMT*B6*122.76~AMT*ZK*101.94~QTY*ZK*.6561~QTY*ZL*100~CLP*1125*2*124.17*382.56*3*MC*1403400100488430*73*1~NM1*QC*1*LOPEZ*ZORAIDA****MI*QU93027K~NM1*82*1******XX*1518920727~REF*9A*1428~REF*CE*LR~DTM*232*20131114~DTM*233*20131114~AMT*AU*385.56~SVC*HC:D2751*124.17*382.56**1~DTM*472*20131114~CAS*CO*94*-20.82**45*-240.57~CAS*PR*3*3~REF*1S*00363~REF*6R*01~AMT*B6*385.56~AMT*ZK*364.74~QTY*ZK*2.3474~QTY*ZL*100~CLP*1125*2*124.17*192.48*3*MC*1403400100489630*73*1~NM1*QC*1*LOPEZ*ZORAIDA****MI*QU93027K~NM1*82*1******XX*1518920727~REF*9A*1428~REF*CE*LR~DTM*232*20140129~DTM*233*20140129~AMT*AU*195.48~SVC*HC:D3310*124.17*192.48**1~DTM*472*20140129~CAS*CO*94*-20.82**45*-50.49~CAS*PR*3*3~REF*1S*00365~REF*6R*01~AMT*B6*195.48~AMT*ZK*174.66~QTY*ZK*1.1241~QTY*ZL*100~CLP*112C*3*124.17*0**MC*1403400100490730*73*1~NM1*QC*1*MARINO*MICHAEL*J***MI*MW39546T~NM1*82*1******XX*1518920727~REF*9A*1428~REF*CE*LR~DTM*232*20130131~DTM*233*20130131~SVC*HC:D5120*0*0**0~DTM*472*20140131~CAS*CO*16*0~REF*6R*02~LQ*HE*MA31~SVC*HC:D5110*124.17*0**0~DTM*472*20140131~CAS*CO*16*124.17~REF*6R*01~LQ*HE*MA31~CLP*1126*2*124.17*68.52*3*MC*1403400100492230*73*1~NM1*QC*1*TORONCHENKO*GALYNA****MI*TB20597C~NM1*82*1******XX*1518920727~REF*9A*1428~REF*CE*LR~DTM*232*20140131~DTM*233*20140131~AMT*AU*71.52~SVC*HC:D1110*124.17*68.52**1~DTM*472*20140131~CAS*CO*94*-20.82**45*73.47~CAS*PR*3*3~REF*1S*00377~REF*6R*01~AMT*B6*71.52~AMT*ZK*50.7~QTY*ZK*.3263~QTY*ZL*100~CLP*14A1*2*124.17*0**MC*1403400100494530*73*1~NM1*QC*1*TSAHIRIDES*JOHN****MI*TS50678X~NM1*82*1******XX*1518920727~REF*9A*1428~REF*CE*LR~DTM*232*20140131~DTM*233*20140131~SVC*HC:D7210*124.17*0**1~DTM*472*20140131~CAS*CO*B5*124.17~REF*1S*00367~REF*6R*01~AMT*ZK*116.4~QTY*ZK*.7491~QTY*ZL*100~CLP*112B*2*124.17*49.95**MC*1403400100495630*73*1~NM1*QC*1*STAPLETON*CHARLES****MI*WB21699E~NM1*82*1******XX*1518920727~REF*9A*1428~REF*CE*LR~DTM*232*20140130~DTM*233*20140130~AMT*AU*49.95~SVC*HC:D9310*124.17*49.95**1~DTM*472*20140130~CAS*CO*94*-20.82**45*95.04~REF*1S*00350~REF*6R*01~AMT*B6*49.95~AMT*ZK*29.13~QTY*ZK*.1875~QTY*ZL*100~CLP*112I*2*124.17*54.05*3*MC*1403400100496630*73*1~NM1*QC*1*TROOP*CARL****MI*XW51058F~NM1*82*1******XX*1518920727~REF*9A*1428~REF*CE*LR~DTM*232*20140131~DTM*233*20140131~AMT*AU*57.05~SVC*HC:D0470*124.17*54.05**1~DTM*472*20140131~CAS*CO*94*-20.82**45*87.94~CAS*PR*3*3~REF*1S*00376~REF*6R*01~AMT*B6*57.05~AMT*ZK*36.23~QTY*ZK*.2332~QTY*ZL*100~CLP*112H*3*124.17*0**MC*1403400100498030*73*1~NM1*QC*1*ZAHR*MOUNIR****MI*TR55031Q~NM1*82*1******XX*1518920727~REF*9A*1428~REF*CE*LR~DTM*232*20131009~DTM*233*20131009~SVC*HC:D9110*124.17*0**0~DTM*472*20131009~CAS*CO*29*124.17~REF*6R*01~CLP*112J*2*124.17*0**MC*1403400100499730*73*1~NM1*QC*1*HULL*RONALD*A***MI*QB95091W~NM1*82*1******XX*1518920727~REF*9A*1428~REF*CE*LR~DTM*232*20131001~DTM*233*20131001~SVC*HC:D0160*124.17*0**0~DTM*472*20131001~CAS*CO*29*124.17~REF*6R*01~CLP*1126*2*124.17*144.19*3*MC*1403400100501530*73*1~NM1*QC*1*ORTIZ*MICHELLE****MI*ZP53179K~NM1*82*1******XX*1518920727~REF*9A*1428~REF*CE*LR~DTM*232*20140131~DTM*233*20140131~AMT*AU*147.19~SVC*HC:D4341*124.17*144.19**1~DTM*472*20140131~CAS*CO*94*-20.82**45*-2.2~CAS*PR*3*3~REF*1S*00352~REF*6R*01~AMT*B6*147.19~AMT*ZK*126.37~QTY*ZK*.8133~QTY*ZL*100~CLP*14A1*2*124.17*134.22*3*MC*1403400174320830*73*1~NM1*QC*1*SEITZ*ROXANNE*R***MI*BY44354A~NM1*82*1******XX*1518920727~REF*9A*1428~REF*CE*LR~DTM*232*20140130~DTM*233*20140130~AMT*AU*137.22~SVC*HC:D7210*124.17*134.22**1~DTM*472*20140130~CAS*CO*94*-20.82**45*7.77~CAS*PR*3*3~REF*1S*00367~REF*6R*01~AMT*B6*137.22~AMT*ZK*116.4~QTY*ZK*.7491~QTY*ZL*100~CLP*1125*2*124.17*144.19*3*MC*1403400174323430*73*1~NM1*QC*1*LATORRE*JORGE****MI*WF01495X~NM1*82*1******XX*1518920727~REF*9A*1428~REF*CE*LR~DTM*232*20140130~DTM*233*20140130~AMT*AU*147.19~SVC*HC:D4341*124.17*144.19**1~DTM*472*20140130~CAS*CO*94*-20.82**45*-2.2~CAS*PR*3*3~REF*1S*00352~REF*6R*01~AMT*B6*147.19~AMT*ZK*126.37~QTY*ZK*.8133~QTY*ZL*100~CLP*112I*2*124.17*228.83*3*MC*1403400174326230*73*1~NM1*QC*1*WESTON*GRETEL****MI*ZE77887S~NM1*82*1******XX*1518920727~REF*9A*1428~REF*CE*LR~DTM*232*20140130~DTM*233*20140130~AMT*AU*231.83~SVC*HC:D5110*124.17*228.83**1~DTM*472*20140130~CAS*CO*94*-20.82**45*-86.84~CAS*PR*3*3~REF*1S*00358~REF*6R*01~AMT*B6*231.83~AMT*ZK*211.01~QTY*ZK*1.358~QTY*ZL*100~CLP*112A*3*124.17*228.83*3*MC*1403400174327930*73*1~NM1*QC*1*ANZULES*MARTHA*C***MI*WX11188T~NM1*82*1******XX*1518920727~REF*9A*1428~REF*CE*LR~DTM*232*20140130~DTM*233*20140130~AMT*AU*231.83~SVC*HC:D5214*124.17*228.83**1~DTM*472*20140130~CAS*CO*94*-20.82**45*-86.84~CAS*PR*3*3~REF*1S*00358~REF*6R*01~AMT*B6*231.83~AMT*ZK*211.01~QTY*ZK*1.358~QTY*ZL*100~CLP*112C*2*124.17*382.56*3*MC*1403400174329730*73*1~NM1*QC*1*BEHALMILANESE*RUTH*A***MI*ZC37262S~NM1*82*1******XX*1518920727~REF*9A*1428~REF*CE*LR~DTM*232*20140130~DTM*233*20140130~AMT*AU*385.56~SVC*HC:D2751*124.17*382.56**1~DTM*472*20140130~CAS*CO*94*-20.82**45*-240.57~CAS*PR*3*3~REF*1S*00363~REF*6R*01~AMT*B6*385.56~AMT*ZK*364.74~QTY*ZK*2.3474~QTY*ZL*100~CLP*112A*3*124.17*228.83*3*MC*1403400174332230*73*1~NM1*QC*1*MITO*MIKE*M***MI*RC96647B~NM1*82*1******XX*1518920727~REF*9A*1428~REF*CE*LR~DTM*232*20140130~DTM*233*20140130~AMT*AU*231.83~SVC*HC:D5213*124.17*228.83**1~DTM*472*20140130~CAS*CO*94*-20.82**45*-86.84~CAS*PR*3*3~REF*1S*00358~REF*6R*01~AMT*B6*231.83~AMT*ZK*211.01~QTY*ZK*1.358~QTY*ZL*100~CLP*112J*3*124.17*52.69**MC*1403400174334730*73*1~NM1*QC*1*SOUFFRANT*LAURENCE****MI*UG21224M~NM1*82*1******XX*1518920727~REF*9A*1428~REF*CE*LR~DTM*232*20140130~DTM*233*20140130~AMT*AU*52.69~SVC*HC:D1351*124.17*52.69**1~DTM*472*20140130~CAS*CO*94*-20.82**45*92.3~REF*1S*00372~REF*6R*01~AMT*B6*52.69~AMT*ZK*31.87~QTY*ZK*.2051~QTY*ZL*100~CLP*112G*2*124.17*382.56*3*MC*1403400174338130*73*1~NM1*QC*1*MARTINS*ROBERT*F***MI*CE60528F~NM1*82*1******XX*1518920727~REF*9A*1428~REF*CE*LR~DTM*232*20140130~DTM*233*20140130~AMT*AU*385.56~SVC*HC:D2752*124.17*382.56**1~DTM*472*20140130~CAS*CO*94*-20.82**45*-240.57~CAS*PR*3*3~REF*1S*00363~REF*6R*01~AMT*B6*385.56~AMT*ZK*364.74~QTY*ZK*2.3474~QTY*ZL*100~CLP*112C*3*124.17*228.83*3*MC*1403400174341630*73*1~NM1*QC*1*VEGA*JORGE*A***MI*VY61811Y~NM1*82*1******XX*1518920727~REF*9A*1428~REF*CE*LR~DTM*232*20140130~DTM*233*20140130~AMT*AU*231.83~SVC*HC:D5110*124.17*228.83**1~DTM*472*20140130~CAS*CO*94*-20.82**45*-86.84~CAS*PR*3*3~REF*1S*00358~REF*6R*01~AMT*B6*231.83~AMT*ZK*211.01~QTY*ZK*1.358~QTY*ZL*100~CLP*112I*2*124.17*199.23**MC*1403400174343530*73*1~NM1*QC*1*NEDRICK*RICHARD****MI*WX99936G~NM1*82*1******XX*1518920727~REF*9A*1428~REF*CE*LR~DTM*232*20140130~DTM*233*20140130~AMT*AU*199.23~SVC*HC:D2391*124.17*122.76**1~DTM*472*20140130~CAS*CO*94*-20.82**45*22.23~REF*1S*00361~REF*6R*01~AMT*B6*122.76~AMT*ZK*101.94~QTY*ZK*.6561~QTY*ZL*100~SVC*HC:D2330*0*76.47**1~DTM*472*20140130~CAS*CO*45*-76.47~REF*1S*00361~REF*6R*02~AMT*B6*76.47~AMT*ZK*76.47~QTY*ZK*.6561~QTY*ZL*50~CLP*112H*2*124.17*382.56*3*MC*1403400174347530*73*1~NM1*QC*1*NATHAN*CARL*R***MI*PV13360E~NM1*82*1******XX*1518920727~REF*9A*1428~REF*CE*LR~DTM*232*20140130~DTM*233*20140130~AMT*AU*385.56~SVC*HC:D2751*124.17*382.56**1~DTM*472*20140130~CAS*CO*94*-20.82**45*-240.57~CAS*PR*3*3~REF*1S*00363~REF*6R*01~AMT*B6*385.56~AMT*ZK*364.74~QTY*ZK*2.3474~QTY*ZL*100~CLP*112G*3*124.17*228.83*3*MC*1403400174350230*73*1~NM1*QC*1*ROBLES*GUILLERMO****MI*ZA00836J~NM1*82*1******XX*1518920727~REF*9A*1428~REF*CE*LR~DTM*232*20140130~DTM*233*20140130~AMT*AU*231.83~SVC*HC:D5120*124.17*228.83**1~DTM*472*20140130~CAS*CO*94*-20.82**45*-86.84~CAS*PR*3*3~REF*1S*00358~REF*6R*1~AMT*B6*231.83~AMT*ZK*211.01~QTY*ZK*1.358~QTY*ZL*100~CLP*1129*2*124.17*228.83*3*MC*1403400174352330*73*1~NM1*QC*1*GAMBLE*JAMES*R***MI*MZ07704C~NM1*82*1******XX*1518920727~REF*9A*1428~REF*CE*LR~DTM*232*20140130~DTM*233*20140130~AMT*AU*231.83~SVC*HC:D5214*124.17*228.83**1~DTM*472*20140130~CAS*CO*94*-20.82**45*-86.84~CAS*PR*3*3~REF*1S*00358~REF*6R*01~AMT*B6*231.83~AMT*ZK*211.01~QTY*ZK*1.358~QTY*ZL*100~CLP*112B*3*124.17*387.08*3*MC*1403400174355030*73*1~NM1*QC*1*GOLZMANE*HERBERT****MI*VD03946S~NM1*82*1******XX*1518920727~REF*9A*1428~REF*CE*LR~DTM*232*20140130~DTM*233*20140130~AMT*AU*390.08~SVC*HC:D5110*124.17*228.83**1~DTM*472*20140130~CAS*CO*94*-20.82**45*-86.84~CAS*PR*3*3~REF*1S*00358~REF*6R*01~AMT*B6*231.83~AMT*ZK*211.01~QTY*ZK*1.358~QTY*ZL*100~SVC*HC:D5120*0*158.25**1~DTM*472*20140130~CAS*CO*45*-158.25~REF*1S*00358~REF*6R*02~AMT*B6*158.25~AMT*ZK*158.25~QTY*ZK*1.358~QTY*ZL*50~CLP*112B*3*124.17*0**MC*1403400174357930*73*1~NM1*QC*1*SALAS*MARIA*N***MI*VP28291J~NM1*82*1******XX*1518920727~NM1*PR*2*HEALTHFIRST MEDICARE PLAN*****PI*H3359~NM1*GB*1*SALAS*MARIA*N~REF*9A*1428~REF*6P*H3359~REF*CE*LR~DTM*232*20140130~DTM*233*20140130~SVC*HC:D7140*124.17*0**0~DTM*472*20140130~CAS*CO*22*124.17~REF*6R*01~CLP*224N*3*124.17*54.05*3*MC*1403400174360530*73*1~NM1*QC*1*FERENTINO*VICTOR*R***MI*RK75092T~NM1*82*1******XX*1518920727~REF*9A*1428~REF*CE*LR~DTM*232*20140130~DTM*233*20140130~AMT*AU*57.05~SVC*HC:D0470*124.17*54.05**1~DTM*472*20140130~CAS*CO*94*-20.82**45*87.94~CAS*PR*3*3~REF*1S*00376~REF*6R*01~AMT*B6*57.05~AMT*ZK*36.23~QTY*ZK*.2332~QTY*ZL*100~CLP*15G3*2*124.17*71.52**MC*1403400174363330*73*1~NM1*QC*1*LINO*THOMAS*V***MI*WD66528F~NM1*82*1******XX*1518920727~REF*9A*1428~REF*CE*LR~DTM*232*20140130~DTM*233*20140130~AMT*AU*71.52~SVC*HC:D1110*124.17*71.52**1~DTM*472*20140130~CAS*CO*94*-20.82**45*73.47~REF*1S*00377~REF*6R*01~AMT*B6*71.52~AMT*ZK*50.7~QTY*ZK*.3263~QTY*ZL*100~CLP*1125*2*124.17*382.56*3*MC*1403400174366830*73*1~NM1*QC*1*LOPEZ*ZORAIDA****MI*QU93027K~NM1*82*1******XX*1518920727~REF*9A*1428~REF*CE*LR~DTM*232*20140123~DTM*233*20140123~AMT*AU*385.56~SVC*HC:D2751*124.17*382.56**1~DTM*472*20140123~CAS*CO*94*-20.82**45*-240.57~CAS*PR*3*3~REF*1S*00363~REF*6R*01~AMT*B6*385.56~AMT*ZK*364.74~QTY*ZK*2.3474~QTY*ZL*100~CLP*112A*2*0*0**MC*1403500039927330*73*1~NM1*QC*1*ADAMS*CASSANDRA*D***MI*ZZ75044T~NM1*82*1******XX*1518920727~REF*9A*1428~REF*CE*LR~DTM*232*20131016~DTM*233*20131016~SVC*HC:D5213*0*0**0~DTM*472*20131016~CAS*CO*16*0~REF*6R*02~LQ*HE*M79~CLP*112B*2*124.17*134.22*3*MC*1403500039930730*73*1~NM1*QC*1*SALAS*MARIA*N***MI*VP28291J~NM1*82*1******XX*1518920727~REF*9A*1428~REF*CE*LR~DTM*232*20140130~DTM*233*20140130~AMT*AU*137.22~SVC*HC:D7140*124.17*134.22**1~DTM*472*20140130~CAS*CO*94*-20.82**45*7.77~CAS*PR*3*3~REF*1S*00367~REF*6R*01~AMT*B6*137.22~AMT*ZK*116.4~QTY*ZK*.7491~QTY*ZL*100~CLP*112J*2*124.17*54.05*3*MC*1403500123034930*73*1~NM1*QC*1*CRUZ*ANGEL*O***MI*WW52108R~NM1*82*1******XX*1518920727~REF*9A*1428~REF*CE*LR~DTM*232*20140129~DTM*233*20140129~AMT*AU*57.05~SVC*HC:D0140*124.17*54.05**1~DTM*472*20140129~CAS*CO*94*-20.82**45*87.94~CAS*PR*3*3~REF*1S*00376~REF*6R*01~AMT*B6*57.05~AMT*ZK*36.23~QTY*ZK*.2332~QTY*ZL*100~CLP*112J*2*124.17*0**MC*1403500123041630*73*1~NM1*QC*1*WEST*CYNTHIA*R***MI*WT41395B~NM1*82*1******XX*1518920727~REF*9A*1428~REF*CE*LR~DTM*232*20140130~DTM*233*20140130~SVC*HC:D5110*124.17*0**0~DTM*472*20140130~CAS*CO*243*124.17~REF*6R*01~CLP*1125*2*124.17*126.01*3*MC*1403500123243630*73*1~NM1*QC*1*KERN  JR*WILLIAM*B***MI*RJ25191E~NM1*82*1******XX*1518920727~REF*9A*1428~REF*CE*LR~DTM*232*20140130~DTM*233*20140130~AMT*AU*129.01~SVC*HC:D0210*0*89.78**1~DTM*472*20140130~CAS*CO*94*-20.82**45*-71.96~CAS*PR*3*3~REF*1S*00374~REF*6R*02~AMT*B6*92.78~AMT*ZK*71.96~QTY*ZK*.4631~QTY*ZL*100~SVC*HC:D0160*124.17*36.23**1~DTM*472*20140130~CAS*CO*45*87.94~REF*1S*00376~REF*6R*01~AMT*B6*36.23~AMT*ZK*36.23~QTY*ZK*.2332~QTY*ZL*100~CLP*112A*2*124.17*164.98*3*MC*1403500123245030*73*1~NM1*QC*1*LEVINE*RAFAELLA*G***MI*TK94009M~NM1*82*1******XX*1518920727~REF*9A*1428~REF*CE*LR~DTM*232*20140130~DTM*233*20140130~AMT*AU*167.98~SVC*HC:D4341*124.17*144.19**1~DTM*472*20140130~CAS*CO*94*-20.82**45*-2.2~CAS*PR*3*3~REF*1S*00352~REF*6R*01~AMT*B6*147.19~AMT*ZK*126.37~QTY*ZK*.8133~QTY*ZL*100~SVC*HC:D0220*0*20.79**1~DTM*472*20140130~CAS*CO*45*-20.79~REF*1S*00373~REF*6R*02~AMT*B6*20.79~AMT*ZK*20.79~QTY*ZK*.1338~QTY*ZL*100~CLP*112E*2*124.17*0**MC*1403500123246430*73*1~NM1*QC*1*TSAHIRIDES*JOHN****MI*TS50678X~NM1*82*1******XX*1518920727~REF*9A*1428~REF*CE*LR~DTM*232*20140130~DTM*233*20140130~SVC*HC:D9110*124.17*0**1~DTM*472*20140130~CAS*CO*B5*124.17~REF*1S*00350~REF*6R*01~AMT*ZK*72.08~QTY*ZK*.4639~QTY*ZL*100~CLP*112E*2*124.17*89.9*3*MC*1403500123249030*73*1~NM1*QC*1*SIPEKI*PAUL*I***MI*ZT76371K~NM1*82*1******XX*1518920727~REF*9A*1428~REF*CE*LR~DTM*232*20140130~DTM*233*20140130~AMT*AU*92.9~SVC*HC:D9110*124.17*89.9**1~DTM*472*20140130~CAS*CO*94*-20.82**45*52.09~CAS*PR*3*3~REF*1S*00350~REF*6R*01~AMT*B6*92.9~AMT*ZK*72.08~QTY*ZK*.4639~QTY*ZL*100~CLP*223J*3*124.17*46.95*3*MC*1403500123250430*73*1~NM1*QC*1*GONZALEZ*MARILYN****MI*UM17388V~NM1*82*1******XX*1518920727~REF*9A*1428~REF*CE*LR~DTM*232*20140130~DTM*233*20140130~AMT*AU*49.95~SVC*HC:D9310*124.17*46.95**1~DTM*472*20140130~CAS*CO*94*-20.82**45*95.04~CAS*PR*3*3~REF*1S*00350~REF*6R*01~AMT*B6*49.95~AMT*ZK*29.13~QTY*ZK*.1875~QTY*ZL*100~CLP*112H*2*124.17*390.08**MC*1403500123369530*73*1~NM1*QC*1*GONZALEZ*MAURICIO*J***MI*VY33248S~NM1*82*1******XX*1518920727~REF*9A*1428~REF*CE*LR~DTM*232*20140130~DTM*233*20140130~AMT*AU*390.08~SVC*HC:D5214*0*231.83**1~DTM*472*20140130~CAS*CO*94*-20.82**45*-211.01~REF*1S*00358~REF*6R*02~AMT*B6*231.83~AMT*ZK*211.01~QTY*ZK*1.358~QTY*ZL*100~SVC*HC:D5213*124.17*158.25**1~DTM*472*20140130~CAS*CO*45*-34.08~REF*1S*00358~REF*6R*01~AMT*B6*158.25~AMT*ZK*158.25~QTY*ZK*1.358~QTY*ZL*50~CLP*112G*2*124.17*134.22*3*MC*1403500123454330*73*1~NM1*QC*1*SANCHEZ*NILSA*V***MI*ZC21947T~NM1*82*1******XX*1518920727~REF*9A*1428~REF*CE*LR~DTM*232*20140130~DTM*233*20140130~AMT*AU*137.22~SVC*HC:D7140*124.17*134.22**1~DTM*472*20140130~CAS*CO*94*-20.82**45*7.77~CAS*PR*3*3~REF*1S*00367~REF*6R*01~AMT*B6*137.22~AMT*ZK*116.4~QTY*ZK*.7491~QTY*ZL*100~CLP*112A*2*124.17*54.05*3*MC*1403500123456030*73*1~NM1*QC*1*HICKS*ELVIRA****MI*NK80381T~NM1*82*1******XX*1518920727~REF*9A*1428~REF*CE*LR~DTM*232*20140130~DTM*233*20140130~AMT*AU*57.05~SVC*HC:D0160*124.17*54.05**1~DTM*472*20140130~CAS*CO*94*-20.82**45*87.94~CAS*PR*3*3~REF*1S*00376~REF*6R*01~AMT*B6*57.05~AMT*ZK*36.23~QTY*ZK*.2332~QTY*ZL*100~CLP*112C*2*124.17*385.56**MC*1403500123458530*73*1~NM1*QC*1*MARAIA*PETER****MI*WB11298B~NM1*82*1******XX*1518920727~REF*9A*1428~REF*CE*LR~DTM*232*20140130~DTM*233*20140130~AMT*AU*385.56~SVC*HC:D2751*124.17*385.56**1~DTM*472*20140130~CAS*CO*94*-20.82**45*-240.57~REF*1S*00363~REF*6R*01~AMT*B6*385.56~AMT*ZK*364.74~QTY*ZK*2.3474~QTY*ZL*100~CLP*112G*2*124.17*134.22*3*MC*1403500123562430*73*1~NM1*QC*1*TORRES*MARIA*A***MI*UC06140F~NM1*82*1******XX*1518920727~REF*9A*1428~REF*CE*LR~DTM*232*20140130~DTM*233*20140130~AMT*AU*137.22~SVC*HC:D7140*124.17*134.22**1~DTM*472*20140130~CAS*CO*94*-20.82**45*7.77~CAS*PR*3*3~REF*1S*00367~REF*6R*01~AMT*B6*137.22~AMT*ZK*116.4~QTY*ZK*.7491~QTY*ZL*100~CLP*1128*2*124.17*90.44*3*MC*1403500123565530*73*1~NM1*QC*1*TYUS*WILLIAM*P***MI*TD79203G~NM1*82*1******XX*1518920727~REF*9A*1428~REF*CE*LR~DTM*232*20140130~DTM*233*20140130~AMT*AU*93.44~SVC*HC:D0120*124.17*54.05**1~DTM*472*20140130~CAS*CO*94*-20.82**45*87.94~CAS*PR*3*3~REF*1S*00376~REF*6R*01~AMT*B6*57.05~AMT*ZK*36.23~QTY*ZK*.2332~QTY*ZL*100~SVC*HC:D0220*0*20.79**1~DTM*472*20140130~CAS*CO*45*-20.79~REF*1S*00373~REF*6R*02~AMT*B6*20.79~AMT*ZK*20.79~QTY*ZK*.1338~QTY*ZL*100~SVC*HC:D0230*0*15.6**1~DTM*472*20140130~CAS*CO*45*-15.6~REF*1S*00373~REF*6R*03~AMT*B6*15.6~AMT*ZK*15.6~QTY*ZK*.1338~QTY*ZL*50~CLP*1126*2*124.17*89.9*3*MC*1403500123567930*73*1~NM1*QC*1*KELLY*MERCEDES*A***MI*XC88262D~NM1*82*1******XX*1518920727~REF*9A*1428~REF*CE*LR~DTM*232*20140130~DTM*233*20140130~AMT*AU*92.9~SVC*HC:D9110*124.17*89.9**1~DTM*472*20140130~CAS*CO*94*-20.82**45*52.09~CAS*PR*3*3~REF*1S*00350~REF*6R*01~AMT*B6*92.9~AMT*ZK*72.08~QTY*ZK*.4639~QTY*ZL*100~CLP*112E*2*124.17*192.48*3*MC*1403500123671730*73*1~NM1*QC*1*RAHMAN*MOHAMMED*M***MI*SX03146W~NM1*82*1******XX*1518920727~REF*9A*1428~REF*CE*LR~DTM*232*20140130~DTM*233*20140130~AMT*AU*195.48~SVC*HC:D3320*124.17*192.48**1~DTM*472*20140130~CAS*CO*94*-20.82**45*-50.49~CAS*PR*3*3~REF*1S*00365~REF*6R*01~AMT*B6*195.48~AMT*ZK*174.66~QTY*ZK*1.1241~QTY*ZL*100~CLP*112E*2*124.17*89.9*3*MC*1403500123773730*73*1~NM1*QC*1*SOUCHET*FULBIA*G***MI*XH73127T~NM1*82*1******XX*1518920727~REF*9A*1428~REF*CE*LR~DTM*232*20140130~DTM*233*20140130~AMT*AU*92.9~SVC*HC:D9110*124.17*89.9**1~DTM*472*20140130~CAS*CO*94*-20.82**45*52.09~CAS*PR*3*3~REF*1S*00350~REF*6R*01~AMT*B6*92.9~AMT*ZK*72.08~QTY*ZK*.4639~QTY*ZL*100~CLP*1125*3*124.17*387.08*3*MC*1403500123776830*73*1~NM1*QC*1*FORNARIS*GREGORY*R***MI*UK57303W~NM1*82*1******XX*1518920727~REF*9A*1428~REF*CE*LR~DTM*232*20140130~DTM*233*20140130~AMT*AU*390.08~SVC*HC:D5110*124.17*228.83**1~DTM*472*20140130~CAS*CO*94*-20.82**45*-86.84~CAS*PR*3*3~REF*1S*00358~REF*6R*01~AMT*B6*231.83~AMT*ZK*211.01~QTY*ZK*1.358~QTY*ZL*100~SVC*HC:D5120*0*158.25**1~DTM*472*20140130~CAS*CO*45*-158.25~REF*1S*00358~REF*6R*02~AMT*B6*158.25~AMT*ZK*158.25~QTY*ZK*1.358~QTY*ZL*50~CLP*112F*2*124.17*228.83*3*MC*1403500123778730*73*1~NM1*QC*1*BURGOS*MARTHA*I***MI*YZ86118A~NM1*82*1******XX*1518920727~REF*9A*1428~REF*CE*LR~DTM*232*20140130~DTM*233*20140130~AMT*AU*231.83~SVC*HC:D5213*124.17*228.83**1~DTM*472*20140130~CAS*CO*94*-20.82**45*-86.84~CAS*PR*3*3~REF*1S*00358~REF*6R*01~AMT*B6*231.83~AMT*ZK*211.01~QTY*ZK*1.358~QTY*ZL*100~CLP*112B*2*124.17*119.76*3*MC*1403500123780230*73*1~NM1*QC*1*ROBERTS*JAMES*W***MI*UP55491D~NM1*82*1******XX*1518920727~REF*9A*1428~REF*CE*LR~DTM*232*20140130~DTM*233*20140130~AMT*AU*122.76~SVC*HC:D2331*124.17*119.76**1~DTM*472*20140130~CAS*CO*94*-20.82**45*22.23~CAS*PR*3*3~REF*1S*00361~REF*6R*01~AMT*B6*122.76~AMT*ZK*101.94~QTY*ZK*.6561~QTY*ZL*100~CLP*112E*2*124.17*54.05*3*MC*1403500123881130*73*1~NM1*QC*1*PELLOT*LUIS****MI*TY12112S~NM1*82*1******XX*1518920727~REF*9A*1428~REF*CE*LR~DTM*232*20140130~DTM*233*20140130~AMT*AU*57.05~SVC*HC:D0120*124.17*54.05**1~DTM*472*20140130~CAS*CO*94*-20.82**45*87.94~CAS*PR*3*3~REF*1S*00376~REF*6R*01~AMT*B6*57.05~AMT*ZK*36.23~QTY*ZK*.2332~QTY*ZL*100~CLP*1125*2*124.17*119.76*3*MC*1403500123883030*73*1~NM1*QC*1*TSUCHIYA*TOYOYUKI****MI*RN65708D~NM1*82*1******XX*1518920727~REF*9A*1428~REF*CE*LR~DTM*232*20140130~DTM*233*20140130~AMT*AU*122.76~SVC*HC:D2392*124.17*119.76**1~DTM*472*20140130~CAS*CO*94*-20.82**45*22.23~CAS*PR*3*3~REF*1S*00361~REF*6R*01~AMT*B6*122.76~AMT*ZK*101.94~QTY*ZK*.6561~QTY*ZL*100~CLP*112C*2*124.17*192.48*3*MC*1403500123885030*73*1~NM1*QC*1*DRIES*RAYMOND*E***MI*PC69781U~NM1*82*1******XX*1518920727~REF*9A*1428~REF*CE*LR~DTM*232*20140130~DTM*233*20140130~AMT*AU*195.48~SVC*HC:D3320*124.17*192.48**1~DTM*472*20140130~CAS*CO*94*-20.82**45*-50.49~CAS*PR*3*3~REF*1S*00365~REF*6R*01~AMT*B6*195.48~AMT*ZK*174.66~QTY*ZK*1.1241~QTY*ZL*100~CLP*112H*2*124.17*68.52*3*MC*1403500123886430*73*1~NM1*QC*1*ECHEVERRI*MARIA*E***MI*VD36861W~NM1*82*1******XX*1518920727~REF*9A*1428~REF*CE*LR~DTM*232*20140130~DTM*233*20140130~AMT*AU*71.52~SVC*HC:D1110*124.17*68.52**1~DTM*472*20140130~CAS*CO*94*-20.82**45*73.47~CAS*PR*3*3~REF*1S*00377~REF*6R*01~AMT*B6*71.52~AMT*ZK*50.7~QTY*ZK*.3263~QTY*ZL*100~CLP*112H*2*124.17*0**MC*1403500123891130*73*1~NM1*QC*1*OZORIA*ANA*M***MI*VZ60250H~NM1*82*1******XX*1518920727~REF*9A*1428~REF*CE*LR~DTM*232*20140130~DTM*233*20140130~SVC*HC:D7140*124.17*0**0~DTM*472*20130130~CAS*CO*16*124.17~REF*6R*01~LQ*HE*MA31~SVC*HC:D5214*0*0**0~DTM*472*20140130~CAS*CO*16*0~REF*6R*03~LQ*HE*MA31~SVC*HC:D5110*0*0**0~DTM*472*20140130~CAS*CO*16*0~REF*6R*02~LQ*HE*MA31~CLP*1127*2*124.17*0**MC*1403500124093230*73*1~NM1*QC*1*COUNCIL*JUANITA****MI*YR31440W~NM1*82*1******XX*1518920727~REF*9A*1428~REF*CE*LR~DTM*232*20140130~DTM*233*20140130~SVC*HC:D5120*0*0**0~DTM*472*20140129~CAS*CO*16*0~REF*6R*02~LQ*HE*MA31~SVC*HC:D5110*124.17*0**0~DTM*472*20140129~CAS*CO*16*124.17~REF*6R*01~LQ*HE*MA31~CLP*1127*2*124.17*387.08*3*MC*1403500124095430*73*1~NM1*QC*1*COUNCIL*JUANITA****MI*YR31440W~NM1*82*1******XX*1518920727~REF*9A*1428~REF*CE*LR~DTM*232*20140124~DTM*233*20140124~AMT*AU*390.08~SVC*HC:D5110*124.17*228.83**1~DTM*472*20140124~CAS*CO*94*-20.82**45*-86.84~CAS*PR*3*3~REF*1S*00358~REF*6R*01~AMT*B6*231.83~AMT*ZK*211.01~QTY*ZK*1.358~QTY*ZL*100~SVC*HC:D5120*0*158.25**1~DTM*472*20140124~CAS*CO*45*-158.25~REF*1S*00358~REF*6R*02~AMT*B6*158.25~AMT*ZK*158.25~QTY*ZK*1.358~QTY*ZL*50~CLP*1127*2*124.17*0**MC*1403500124096830*73*1~NM1*QC*1*COUNCIL*JUANITA****MI*YR31440W~NM1*82*1******XX*1518920727~REF*9A*1428~REF*CE*LR~DTM*232*20131218~DTM*233*20131218~SVC*HC:D5110*124.17*0**1~DTM*472*20131218~CAS*CO*97*124.17~REF*1S*00358~REF*6R*01~AMT*ZK*211.01~QTY*ZK*1.358~QTY*ZL*100~LQ*HE*M86~SVC*HC:D5120*0*0**1~DTM*472*20131218~CAS*CO*97*0~REF*1S*00358~REF*6R*02~AMT*ZK*158.25~QTY*ZK*1.358~QTY*ZL*50~LQ*HE*M86~CLP*1127*2*124.17*0**MC*1403500124098430*73*1~NM1*QC*1*COUNCIL*JUANITA****MI*YR31440W~NM1*82*1******XX*1518920727~REF*9A*1428~REF*CE*LR~DTM*232*20131213~DTM*233*20131213~SVC*HC:D5110*124.17*0**1~DTM*472*20131213~CAS*CO*97*124.17~REF*1S*00358~REF*6R*01~AMT*ZK*211.01~QTY*ZK*1.358~QTY*ZL*100~LQ*HE*M86~CLP*1125*2*124.17*144.19*3*MC*1403500124099630*73*1~NM1*QC*1*OLIVA*ROLAND*P***MI*UN38868D~NM1*82*1******XX*1518920727~REF*9A*1428~REF*CE*LR~DTM*232*20140129~DTM*233*20140129~AMT*AU*147.19~SVC*HC:D4341*124.17*144.19**1~DTM*472*20140129~CAS*CO*94*-20.82**45*-2.2~CAS*PR*3*3~REF*1S*00352~REF*6R*01~AMT*B6*147.19~AMT*ZK*126.37~QTY*ZK*.8133~QTY*ZL*100~CLP*1125*2*124.17*387.08*3*MC*1403500124101330*73*1~NM1*QC*1*CHAMBERLAIN*WILLIAM*B***MI*QA44544D~NM1*82*1******XX*1518920727~REF*9A*1428~REF*CE*LR~DTM*232*20140129~DTM*233*20140129~AMT*AU*390.08~SVC*HC:D5110*124.17*228.83**1~DTM*472*20140129~CAS*CO*94*-20.82**45*-86.84~CAS*PR*3*3~REF*1S*00358~REF*6R*01~AMT*B6*231.83~AMT*ZK*211.01~QTY*ZK*1.358~QTY*ZL*100~SVC*HC:D5120*0*158.25**1~DTM*472*20140129~CAS*CO*45*-158.25~REF*1S*00358~REF*6R*02~AMT*B6*158.25~AMT*ZK*158.25~QTY*ZK*1.358~QTY*ZL*50~CLP*1125*2*124.17*0**MC*1403500124103130*73*1~NM1*QC*1*HEWITT*JAMES*S***MI*SZ38056V~NM1*82*1******XX*1518920727~NM1*GB*1*HEWITT*JAMES*S***MI*138408480T~REF*9A*1428~REF*CE*LR~DTM*232*20140129~DTM*233*20140129~SVC*HC:D1110*124.17*0**0~DTM*472*20140129~CAS*CO*22*124.17~REF*6R*01~SVC*HC:D2391*0*0**0~DTM*472*20140129~CAS*CO*22*0~REF*6R*02~SVC*HC:D2330*0*0**0~DTM*472*20140129~CAS*CO*22*0~REF*6R*03~CLP*1125*2*124.17*192.48*3*MC*1403500124206030*73*1~NM1*QC*1*BLODGETT*KARYN*M***MI*CF68862S~NM1*82*1******XX*1518920727~REF*9A*1428~REF*CE*LR~DTM*232*20140129~DTM*233*20140129~AMT*AU*195.48~SVC*HC:D3310*124.17*192.48**1~DTM*472*20140129~CAS*CO*94*-20.82**45*-50.49~CAS*PR*3*3~REF*1S*00365~REF*6R*01~AMT*B6*195.48~AMT*ZK*174.66~QTY*ZK*1.1241~QTY*ZL*100~CLP*1125*2*124.17*192.48*3*MC*1403500124208230*73*1~NM1*QC*1*BLODGETT*KARYN*M***MI*CF68862S~NM1*82*1******XX*1518920727~REF*9A*1428~REF*CE*LR~DTM*232*20140128~DTM*233*20140128~AMT*AU*195.48~SVC*HC:D3310*124.17*192.48**1~DTM*472*20140128~CAS*CO*94*-20.82**45*-50.49~CAS*PR*3*3~REF*1S*00365~REF*6R*01~AMT*B6*195.48~AMT*ZK*174.66~QTY*ZK*1.1241~QTY*ZL*100~CLP*1125*2*124.17*170.78*3*MC*1403500124209830*73*1~NM1*QC*1*BLODGETT*KARYN*M***MI*CF68862S~NM1*82*1******XX*1518920727~REF*9A*1428~REF*CE*LR~DTM*232*20140124~DTM*233*20140124~AMT*AU*173.78~SVC*HC:D2952*124.17*170.78**1~DTM*472*20140124~CAS*CO*94*-20.82**45*-28.79~CAS*PR*3*3~REF*1S*00362~REF*6R*01~AMT*B6*173.78~AMT*ZK*152.96~QTY*ZK*.9844~QTY*ZL*100~CLP*1125*2*124.17*192.48*3*MC*1403500124211530*73*1~NM1*QC*1*BLODGETT*KARYN*M***MI*CF68862S~NM1*82*1******XX*1518920727~REF*9A*1428~REF*CE*LR~DTM*232*20131205~DTM*233*20131205~AMT*AU*195.48~SVC*HC:D3310*124.17*192.48**1~DTM*472*20131205~CAS*CO*94*-20.82**45*-50.49~CAS*PR*3*3~REF*1S*00365~REF*6R*01~AMT*B6*195.48~AMT*ZK*174.66~QTY*ZK*1.1241~QTY*ZL*100~CLP*1125*2*124.17*382.56*3*MC*1403500124213630*73*1~NM1*QC*1*BLODGETT*KARYN*M***MI*CF68862S~NM1*82*1******XX*1518920727~REF*9A*1428~REF*CE*LR~DTM*232*20131125~DTM*233*20131125~AMT*AU*385.56~SVC*HC:D2751*124.17*382.56**1~DTM*472*20131125~CAS*CO*94*-20.82**45*-240.57~CAS*PR*3*3~REF*1S*00363~REF*6R*01~AMT*B6*385.56~AMT*ZK*364.74~QTY*ZK*2.3474~QTY*ZL*100~CLP*1125*2*124.17*387.08*3*MC*1403500124315330*73*1~NM1*QC*1*CHAMBERLAIN*WILLIAM*B***MI*QA44544D~NM1*82*1******XX*1518920727~REF*9A*1428~REF*CE*LR~DTM*232*20140115~DTM*233*20140115~AMT*AU*390.08~SVC*HC:D5110*124.17*228.83**1~DTM*472*20140115~CAS*CO*94*-20.82**45*-86.84~CAS*PR*3*3~REF*1S*00358~REF*6R*01~AMT*B6*231.83~AMT*ZK*211.01~QTY*ZK*1.358~QTY*ZL*100~SVC*HC:D5120*0*158.25**1~DTM*472*20140115~CAS*CO*45*-158.25~REF*1S*00358~REF*6R*02~AMT*B6*158.25~AMT*ZK*158.25~QTY*ZK*1.358~QTY*ZL*50~CLP*616643 1125*2*124.17*170.78*3*MC*1403500218184830*73*1~NM1*QC*1*MARESE*PATRICIA****MI*VG78814D~NM1*82*1******XX*1518920727~REF*9A*1428~REF*CE*LR~DTM*232*20131106~DTM*233*20131106~AMT*AU*173.78~SVC*HC:D2954:07*124.17*170.78**1~DTM*472*20131106~CAS*CO*94*-20.82**45*-28.79~CAS*PR*3*3~REF*1S*00362~REF*6R*01~AMT*B6*173.78~AMT*ZK*152.96~QTY*ZK*.9844~QTY*ZL*100~CLP*250768 1126*3*124.17*0**MC*1403500218188530*73*1~NM1*QC*1*FERRI*MARIE*L***MI*WE84822P~NM1*82*1******XX*1518920727~NM1*GB*1*FERRI*MARIE*L***MI*034282494A~REF*9A*1428~REF*CE*LR~DTM*232*20131011~DTM*233*20131011~SVC*HC:D1110*124.17*0**0~DTM*472*20131011~CAS*CO*22*124.17~REF*6R*1~CLP*413516 112H*2*124.17*0**MC*1403500218190530*73*1~NM1*QC*1*VENCHIARUTTI*ORIANA*M***MI*YX97636Q~NM1*82*1******XX*1518920727~REF*9A*1428~REF*CE*LR~DTM*232*20131014~DTM*233*20131014~SVC*HC:D3346:11*124.17*0**0~DTM*472*20131011~CAS*CO*16*124.17~REF*6R*01~LQ*HE*MA31~SVC*HC:D0220*0*0**0~DTM*472*20131011~CAS*CO*16*0~REF*6R*02~LQ*HE*MA31~CLP*350276 1126*3*124.17*0**MC*1403500218192730*73*1~NM1*QC*1*EDGECOMBE*BERYL****MI*VH31613Q~NM1*82*1******XX*1518920727~NM1*GB*1*EDGECOMBE*BERYL****MI*060462989A~REF*9A*1428~REF*CE*LR~DTM*232*20131014~DTM*233*20131014~SVC*HC:D9110*124.17*0**0~DTM*472*20131014~CAS*CO*22*124.17~REF*6R*01~CLP*101730 10ME*2*248.34*0**MC*1403500218196530*73*1~NM1*QC*1*AYALA*RAYMOND****MI*YF80340Z~NM1*82*1******XX*1518920727~REF*9A*1428~REF*CE*LR~DTM*232*20131015~DTM*233*20131015~SVC*HC:D0160*124.17*0**0~DTM*472*20131015~CAS*CO*29*124.17~REF*6R*01~SVC*HC:D0330*124.17*0**0~DTM*472*20131015~CAS*CO*29*124.17~REF*6R*02~CLP*RU44500H 112A*3*124.17*0**MC*1403500218198030*73*1~NM1*QC*1*HANKINS*RODNEY****MI*RU44500H~NM1*82*1******XX*1518920727~REF*9A*1428~REF*CE*LR~DTM*232*20131015~DTM*233*20131015~SVC*HC:D0160*124.17*0**0~DTM*472*20131015~CAS*CO*29*124.17~REF*6R*01~CLP*VB30394P 112G*2*124.17*0**MC*1403500218200930*73*1~NM1*QC*1*SHARMA*MANEKLALL*K***MI*VB30394P~NM1*82*1******XX*1518920727~REF*9A*1428~REF*CE*LR~DTM*232*20131014~DTM*233*20131014~SVC*HC:D9110*124.17*0**0~DTM*472*20131014~CAS*CO*29*124.17~REF*6R*01~SVC*HC:D0210*0*0**0~DTM*472*20131014~CAS*CO*29*0~REF*6R*02~CLP*U04764 15F2*3*124.17*0**MC*1403500218202230*73*1~NM1*QC*1*POMERANTZ*MOISHE*B***MI*YV61221N~NM1*82*1******XX*1518920727~REF*9A*1428~REF*CE*LR~DTM*232*20131014~DTM*233*20131014~SVC*HC:D0140*124.17*0**0~DTM*472*20131014~CAS*CO*29*124.17~REF*6R*01~CLP*796858 112H*2*124.17*0**MC*1403500218204430*73*1~NM1*QC*1*JAMES*DESIREE****MI*YZ47127V~NM1*82*1******XX*1518920727~REF*9A*1428~REF*CE*LR~DTM*232*20131014~DTM*233*20131014~SVC*HC:D0160*124.17*0**0~DTM*472*20131014~CAS*CO*29*124.17~REF*6R*01~CLP*747982 112I*2*124.17*0**MC*1403500218205830*73*1~NM1*QC*1*BENBOW*KIA****MI*XB65588X~REF*9A*1428~REF*CE*LR~DTM*232*20131015~DTM*233*20131015~SVC*HC:D0330*0*0**0~DTM*472*20131015~CAS*CO*16*0~REF*6R*02~LQ*HE*N245~SVC*HC:D1110*124.17*0**0~DTM*472*20131015~CAS*CO*16*124.17~REF*6R*01~LQ*HE*N245~CLP*793865 112F*2*124.17*0**MC*1403500218207730*73*1~NM1*QC*1*VARGAS*HERMINIA****MI*WC65717G~NM1*82*1******XX*1518920727~NM1*PR*2*HEALTHFIRST MEDICARE PLAN*****PI*H3359~NM1*GB*1*VARGAS*HERMINIA****MI*120623706A~REF*9A*1428~REF*CE*LR~DTM*232*20130812~DTM*233*20130812~SVC*HC:D0470*124.17*0**0~DTM*472*20130812~CAS*CO*22*124.17~REF*6R*01~CLP*363974 1127*2*124.17*0**MC*1403500218210430*73*1~NM1*QC*1*JORDAN*DONNA****MI*ZR83261E~NM1*82*1******XX*1518920727~NM1*GB*1*JORDAN*DONNA****MI*075442680A~REF*9A*1428~REF*CE*LR~DTM*232*20130807~DTM*233*20130807~SVC*HC:D5120*0*0**0~DTM*472*20130807~CAS*CO*22*0~REF*6R*02~SVC*HC:D5110*124.17*0**0~DTM*472*20130807~CAS*CO*22*124.17~REF*6R*01~CLP*XZ39594A 112E*2*124.17*0**MC*1403500218213330*73*1~NM1*QC*1*POWELL*ANTHONY*G***MI*XZ39594A~NM1*82*1******XX*1518920727~NM1*GB*1*POWELL*ANTHONY*G***MI*103629427A~REF*9A*1428~REF*CE*LR~DTM*232*20130807~DTM*233*20130807~SVC*HC:D0220*0*0**0~DTM*472*20130807~CAS*CO*22*0~REF*6R*02~SVC*HC:D9110*124.17*0**0~DTM*472*20130807~CAS*CO*22*124.17~REF*6R*01~SVC*HC:D0270*0*0**0~DTM*472*20130807~CAS*CO*22*0~REF*6R*03~CLP*631538 112J*3*124.17*0**MC*1403500218215130*73*1~NM1*QC*1*SPOONER*BENJAMIN****MI*UV26135S~NM1*82*1******XX*1518920727~REF*9A*1428~REF*CE*LR~DTM*232*20131121~DTM*233*20131121~SVC*HC:D9310*124.17*0**0~DTM*472*20131121~CAS*CO*24*124.17~REF*6R*01~CLP*643127 1129*3*124.17*122.76**MC*1403500218216630*73*1~NM1*QC*1*KERRBEAUCHAMP*KENNETH*P***MI*NU39132R~NM1*82*1******XX*1518920727~REF*9A*1428~REF*CE*LR~DTM*232*20131112~DTM*233*20131112~AMT*AU*122.76~SVC*HC:D2391:02*124.17*122.76**1~DTM*472*20131112~CAS*CO*94*-20.82**45*22.23~REF*1S*00361~REF*6R*01~AMT*B6*122.76~AMT*ZK*101.94~QTY*ZK*.6561~QTY*ZL*100~CLP*1126*3*124.17*228.83*3*MC*1403500246191530*73*1~NM1*QC*1*SUAREZ*MARIA*A***MI*SE05947C~NM1*82*1******XX*1518920727~REF*9A*1428~REF*CE*LR~DTM*232*20131122~DTM*233*20131122~AMT*AU*231.83~SVC*HC:D5120*124.17*228.83**1~DTM*472*20131122~CAS*CO*94*-20.82**45*-86.84~CAS*PR*3*3~REF*1S*00358~REF*6R*01~AMT*B6*231.83~AMT*ZK*211.01~QTY*ZK*1.358~QTY*ZL*100~CLP*112B*2*124.17*104.76*3*MC*1403500246209630*73*1~NM1*QC*1*GARCIA*NIDIA*M***MI*XS55825Q~NM1*82*1******XX*1518920727~REF*9A*1428~REF*CE*LR~DTM*232*20140129~DTM*233*20140129~AMT*AU*107.76~SVC*HC:D1110*0*68.52**1~DTM*472*20140129~CAS*CO*94*-20.82**45*-50.7~CAS*PR*3*3~REF*1S*00377~REF*6R*02~AMT*B6*71.52~AMT*ZK*50.7~QTY*ZK*.3263~QTY*ZL*100~SVC*HC:D0120*124.17*36.24**1~DTM*472*20140129~CAS*CO*45*87.93~REF*1S*00376~REF*6R*01~AMT*B6*36.24~AMT*ZK*36.24~QTY*ZK*.2332~QTY*ZL*100~CLP*112J*2*124.17*228.83*3*MC*1403500246211830*73*1~NM1*QC*1*PEREZ*ANN*L***MI*UT23545U~NM1*82*1******XX*1518920727~REF*9A*1428~REF*CE*LR~DTM*232*20131204~DTM*233*20131204~AMT*AU*231.83~SVC*HC:D5110*124.17*228.83**1~DTM*472*20131204~CAS*CO*94*-20.82**45*-86.84~CAS*PR*3*3~REF*1S*00358~REF*6R*01~AMT*B6*231.83~AMT*ZK*211.01~QTY*ZK*1.358~QTY*ZL*100~CLP*112J*2*124.17*228.83*3*MC*1403500246217130*73*1~NM1*QC*1*PEREZ*ANN*L***MI*UT23545U~NM1*82*1******XX*1518920727~REF*9A*1428~REF*CE*LR~DTM*232*20131218~DTM*233*20131218~AMT*AU*231.83~SVC*HC:D5110*124.17*228.83**1~DTM*472*20131218~CAS*CO*94*-20.82**45*-86.84~CAS*PR*3*3~REF*1S*00358~REF*6R*01~AMT*B6*231.83~AMT*ZK*211.01~QTY*ZK*1.358~QTY*ZL*100~CLP*112J*2*124.17*228.83*3*MC*1403500246319430*73*1~NM1*QC*1*PEREZ*ANN*L***MI*UT23545U~NM1*82*1******XX*1518920727~REF*9A*1428~REF*CE*LR~DTM*232*20140129~DTM*233*20140129~AMT*AU*231.83~SVC*HC:D5110*124.17*228.83**1~DTM*472*20140129~CAS*CO*94*-20.82**45*-86.84~CAS*PR*3*3~REF*1S*00358~REF*6R*01~AMT*B6*231.83~AMT*ZK*211.01~QTY*ZK*1.358~QTY*ZL*100~CLP*112E*2*124.17*89.9*3*MC*1403500246322830*73*1~NM1*QC*1*SHIELDS*VALERIE*L***MI*FB64887C~NM1*82*1******XX*1518920727~REF*9A*1428~REF*CE*LR~DTM*232*20140114~DTM*233*20140114~AMT*AU*92.9~SVC*HC:D9110*124.17*89.9**1~DTM*472*20140114~CAS*CO*94*-20.82**45*52.09~CAS*PR*3*3~REF*1S*00350~REF*6R*01~AMT*B6*92.9~AMT*ZK*72.08~QTY*ZK*.4639~QTY*ZL*100~CLP*1125*2*124.17*104.76*3*MC*1403500246423630*73*1~NM1*QC*1*SHIELDS*VALERIE*L***MI*FB64887C~NM1*82*1******XX*1518920727~REF*9A*1428~REF*CE*LR~DTM*232*20140129~DTM*233*20140129~AMT*AU*107.76~SVC*HC:D1110*0*68.52**1~DTM*472*20140129~CAS*CO*94*-20.82**45*-50.7~CAS*PR*3*3~REF*1S*00377~REF*6R*02~AMT*B6*71.52~AMT*ZK*50.7~QTY*ZK*.3263~QTY*ZL*100~SVC*HC:D0120*124.17*36.24**1~DTM*472*20140129~CAS*CO*45*87.93~REF*1S*00376~REF*6R*01~AMT*B6*36.24~AMT*ZK*36.24~QTY*ZK*.2332~QTY*ZL*100~CLP*224N*3*124.17*228.83*3*MC*1403500246441130*73*1~NM1*QC*1*RODRIGUEZ*MARIA*E***MI*VW89694E~NM1*82*1******XX*1518920727~REF*9A*1428~REF*CE*LR~DTM*232*20131113~DTM*233*20131113~AMT*AU*231.83~SVC*HC:D5214*124.17*228.83**1~DTM*472*20131113~CAS*CO*94*-20.82**45*-86.84~CAS*PR*3*3~REF*1S*00358~REF*6R*01~AMT*B6*231.83~AMT*ZK*211.01~QTY*ZK*1.358~QTY*ZL*100~CLP*224N*3*124.17*228.83*3*MC*1403500246547630*73*1~NM1*QC*1*RODRIGUEZ*MARIA*E***MI*VW89694E~NM1*82*1******XX*1518920727~REF*9A*1428~REF*CE*LR~DTM*232*20140128~DTM*233*20140128~AMT*AU*231.83~SVC*HC:D5110*124.17*228.83**1~DTM*472*20140128~CAS*CO*94*-20.82**45*-86.84~CAS*PR*3*3~REF*1S*00358~REF*6R*01~AMT*B6*231.83~AMT*ZK*211.01~QTY*ZK*1.358~QTY*ZL*100~CLP*1128*2*124.17*126.01*3*MC*1403500246550230*73*1~NM1*QC*1*WISENTHAL*PAUL*D***MI*PA69584U~NM1*82*1******XX*1518920727~REF*9A*1428~REF*CE*LR~DTM*232*20140115~DTM*233*20140115~AMT*AU*129.01~SVC*HC:D0330*0*89.78**1~DTM*472*20140115~CAS*CO*94*-20.82**45*-71.96~CAS*PR*3*3~REF*1S*00374~REF*6R*02~AMT*B6*92.78~AMT*ZK*71.96~QTY*ZK*.4631~QTY*ZL*100~SVC*HC:D0120*124.17*36.23**1~DTM*472*20140115~CAS*CO*45*87.94~REF*1S*00376~REF*6R*01~AMT*B6*36.23~AMT*ZK*36.23~QTY*ZK*.2332~QTY*ZL*100~CLP*112J*3*124.17*107.76**MC*1403500246662630*73*1~NM1*QC*1*SOUFFRANT*PARIS****MI*SA83617B~NM1*82*1******XX*1518920727~REF*9A*1428~REF*CE*LR~DTM*232*20140129~DTM*233*20140129~AMT*AU*107.76~SVC*HC:D1110*0*71.52**1~DTM*472*20140129~CAS*CO*94*-20.82**45*-50.7~REF*1S*00377~REF*6R*02~AMT*B6*71.52~AMT*ZK*50.7~QTY*ZK*.3263~QTY*ZL*100~SVC*HC:D0120*124.17*36.24**1~DTM*472*20140129~CAS*CO*45*87.93~REF*1S*00376~REF*6R*01~AMT*B6*36.24~AMT*ZK*36.24~QTY*ZK*.2332~QTY*ZL*100~CLP*1128*2*124.17*68.52*3*MC*1403500246690230*73*1~NM1*QC*1*WISENTHAL*PAUL*D***MI*PA69584U~NM1*82*1******XX*1518920727~REF*9A*1428~REF*CE*LR~DTM*232*20140129~DTM*233*20140129~AMT*AU*71.52~SVC*HC:D1110*124.17*68.52**1~DTM*472*20140129~CAS*CO*94*-20.82**45*73.47~CAS*PR*3*3~REF*1S*00377~REF*6R*01~AMT*B6*71.52~AMT*ZK*50.7~QTY*ZK*.3263~QTY*ZL*100~CLP*1129*2*124.17*387.08*3*MC*1403500246718830*73*1~NM1*QC*1*LAMPE*JUAN*H***MI*PV95443K~NM1*82*1******XX*1518920727~REF*9A*1428~REF*CE*LR~DTM*232*20131113~DTM*233*20131113~AMT*AU*390.08~SVC*HC:D5214*0*228.83**1~DTM*472*20131113~CAS*CO*94*-20.82**45*-211.01~CAS*PR*3*3~REF*1S*00358~REF*6R*02~AMT*B6*231.83~AMT*ZK*211.01~QTY*ZK*1.358~QTY*ZL*100~SVC*HC:D5213*124.17*158.25**1~DTM*472*20131113~CAS*CO*45*-34.08~REF*1S*00358~REF*6R*01~AMT*B6*158.25~AMT*ZK*158.25~QTY*ZK*1.358~QTY*ZL*50~CLP*1129*2*124.17*387.08*3*MC*1403500246729930*73*1~NM1*QC*1*LAMPE*JUAN*H***MI*PV95443K~NM1*82*1******XX*1518920727~REF*9A*1428~REF*CE*LR~DTM*232*20131203~DTM*233*20131203~AMT*AU*390.08~SVC*HC:D5214*0*228.83**1~DTM*472*20131203~CAS*CO*94*-20.82**45*-211.01~CAS*PR*3*3~REF*1S*00358~REF*6R*02~AMT*B6*231.83~AMT*ZK*211.01~QTY*ZK*1.358~QTY*ZL*100~SVC*HC:D5213*124.17*158.25**1~DTM*472*20131203~CAS*CO*45*-34.08~REF*1S*00358~REF*6R*01~AMT*B6*158.25~AMT*ZK*158.25~QTY*ZK*1.358~QTY*ZL*50~CLP*1129*2*124.17*387.08*3*MC*1403500246931930*73*1~NM1*QC*1*LAMPE*JUAN*H***MI*PV95443K~NM1*82*1******XX*1518920727~REF*9A*1428~REF*CE*LR~DTM*232*20140129~DTM*233*20140129~AMT*AU*390.08~SVC*HC:D5214*0*228.83**1~DTM*472*20140129~CAS*CO*94*-20.82**45*-211.01~CAS*PR*3*3~REF*1S*00358~REF*6R*02~AMT*B6*231.83~AMT*ZK*211.01~QTY*ZK*1.358~QTY*ZL*100~SVC*HC:D5213*124.17*158.25**1~DTM*472*20140129~CAS*CO*45*-34.08~REF*1S*00358~REF*6R*01~AMT*B6*158.25~AMT*ZK*158.25~QTY*ZK*1.358~QTY*ZL*50~CLP*112C*2*124.17*144.19*3*MC*1403500246947030*73*1~NM1*QC*1*PERRY*OSCAR*D***MI*SX01131W~NM1*82*1******XX*1518920727~REF*9A*1428~REF*CE*LR~DTM*232*20131111~DTM*233*20131111~AMT*AU*147.19~SVC*HC:D4342*124.17*144.19**1~DTM*472*20131111~CAS*CO*94*-20.82**45*-2.2~CAS*PR*3*3~REF*1S*00352~REF*6R*01~AMT*B6*147.19~AMT*ZK*126.37~QTY*ZK*.8133~QTY*ZL*100~CLP*14A1*2*124.17*134.22*3*MC*1403500246951630*73*1~NM1*QC*1*PERRY*OSCAR*D***MI*SX01131W~NM1*82*1******XX*1518920727~REF*9A*1428~REF*CE*LR~DTM*232*20131114~DTM*233*20131114~AMT*AU*137.22~SVC*HC:D7210*124.17*134.22**1~DTM*472*20131114~CAS*CO*94*-20.82**45*7.77~CAS*PR*3*3~REF*1S*00367~REF*6R*01~AMT*B6*137.22~AMT*ZK*116.4~QTY*ZK*.7491~QTY*ZL*100~CLP*112C*2*124.17*119.76*3*MC*1403500247055030*73*1~NM1*QC*1*PERRY*OSCAR*D***MI*SX01131W~NM1*82*1******XX*1518920727~REF*9A*1428~REF*CE*LR~DTM*232*20131121~DTM*233*20131121~AMT*AU*122.76~SVC*HC:D2330*124.17*119.76**1~DTM*472*20131121~CAS*CO*94*-20.82**45*22.23~CAS*PR*3*3~REF*1S*00361~REF*6R*01~AMT*B6*122.76~AMT*ZK*101.94~QTY*ZK*.6561~QTY*ZL*100~CLP*112C*2*124.17*54.05*3*MC*1403500247057130*73*1~NM1*QC*1*PERRY*OSCAR*D***MI*SX01131W~NM1*82*1******XX*1518920727~REF*9A*1428~REF*CE*LR~DTM*232*20131209~DTM*233*20131209~AMT*AU*57.05~SVC*HC:D0470*124.17*54.05**1~DTM*472*20131209~CAS*CO*94*-20.82**45*87.94~CAS*PR*3*3~REF*1S*00376~REF*6R*01~AMT*B6*57.05~AMT*ZK*36.23~QTY*ZK*.2332~QTY*ZL*100~CLP*112C*2*124.17*387.08*3*MC*1403500247085930*73*1~NM1*QC*1*PERRY*OSCAR*D***MI*SX01131W~NM1*82*1******XX*1518920727~REF*9A*1428~REF*CE*LR~DTM*232*20140129~DTM*233*20140129~AMT*AU*390.08~SVC*HC:D5213*124.17*228.83**1~DTM*472*20140129~CAS*CO*94*-20.82**45*-86.84~CAS*PR*3*3~REF*1S*00358~REF*6R*01~AMT*B6*231.83~AMT*ZK*211.01~QTY*ZK*1.358~QTY*ZL*100~SVC*HC:D5214*0*158.25**1~DTM*472*20140129~CAS*CO*45*-158.25~REF*1S*00358~REF*6R*02~AMT*B6*158.25~AMT*ZK*158.25~QTY*ZK*1.358~QTY*ZL*50~CLP*1126*3*124.17*228.83*3*MC*1403500247215730*73*1~NM1*QC*1*SUAREZ*MARIA*A***MI*SE05947C~NM1*82*1******XX*1518920727~REF*9A*1428~REF*CE*LR~DTM*232*20131204~DTM*233*20131204~AMT*AU*231.83~SVC*HC:D5120*124.17*228.83**1~DTM*472*20131204~CAS*CO*94*-20.82**45*-86.84~CAS*PR*3*3~REF*1S*00358~REF*6R*01~AMT*B6*231.83~AMT*ZK*211.01~QTY*ZK*1.358~QTY*ZL*100~CLP*1126*3*124.17*228.83*3*MC*1403500247365130*73*1~NM1*QC*1*SUAREZ*MARIA*A***MI*SE05947C~NM1*82*1******XX*1518920727~REF*9A*1428~REF*CE*LR~DTM*232*20131220~DTM*233*20131220~AMT*AU*231.83~SVC*HC:D5120*124.17*228.83**1~DTM*472*20131220~CAS*CO*94*-20.82**45*-86.84~CAS*PR*3*3~REF*1S*00358~REF*6R*01~AMT*B6*231.83~AMT*ZK*211.01~QTY*ZK*1.358~QTY*ZL*100~CLP*1126*3*124.17*228.83*3*MC*1403500247367030*73*1~NM1*QC*1*SUAREZ*MARIA*A***MI*SE05947C~NM1*82*1******XX*1518920727~REF*9A*1428~REF*CE*LR~DTM*232*20140107~DTM*233*20140107~AMT*AU*231.83~SVC*HC:D5120*124.17*228.83**1~DTM*472*20140107~CAS*CO*94*-20.82**45*-86.84~CAS*PR*3*3~REF*1S*00358~REF*6R*01~AMT*B6*231.83~AMT*ZK*211.01~QTY*ZK*1.358~QTY*ZL*100~CLP*1126*3*124.17*228.83*3*MC*1403500247367930*73*1~NM1*QC*1*SUAREZ*MARIA*A***MI*SE05947C~NM1*82*1******XX*1518920727~REF*9A*1428~REF*CE*LR~DTM*232*20140115~DTM*233*20140115~AMT*AU*231.83~SVC*HC:D5120*124.17*228.83**1~DTM*472*20140115~CAS*CO*94*-20.82**45*-86.84~CAS*PR*3*3~REF*1S*00358~REF*6R*01~AMT*B6*231.83~AMT*ZK*211.01~QTY*ZK*1.358~QTY*ZL*100~CLP*1126*3*124.17*228.83*3*MC*1403500247370530*73*1~NM1*QC*1*SUAREZ*MARIA*A***MI*SE05947C~NM1*82*1******XX*1518920727~REF*9A*1428~REF*CE*LR~DTM*232*20140129~DTM*233*20140129~AMT*AU*231.83~SVC*HC:D5120*124.17*228.83**1~DTM*472*20140129~CAS*CO*94*-20.82**45*-86.84~CAS*PR*3*3~REF*1S*00358~REF*6R*01~AMT*B6*231.83~AMT*ZK*211.01~QTY*ZK*1.358~QTY*ZL*100~CLP*15F2*2*124.17*74.84*3*MC*1403500247471630*73*1~NM1*QC*1*GRACE*PETER*A***MI*QS56429X~NM1*82*1******XX*1518920727~REF*9A*1428~REF*CE*LR~DTM*232*20131221~DTM*233*20131221~AMT*AU*77.84~SVC*HC:D0140*124.17*54.05**1~DTM*472*20131221~CAS*CO*94*-20.82**45*87.94~CAS*PR*3*3~REF*1S*00376~REF*6R*01~AMT*B6*57.05~AMT*ZK*36.23~QTY*ZK*.2332~QTY*ZL*100~SVC*HC:D0220*0*20.79**1~DTM*472*20131221~CAS*CO*45*-20.79~REF*1S*00373~REF*6R*02~AMT*B6*20.79~AMT*ZK*20.79~QTY*ZK*.1338~QTY*ZL*100~CLP*632673  112E*3*124.17*0**MC*1403600086137830*73*1~NM1*QC*1*CRUZ*MARIA****MI*ZR71776R~NM1*82*1******XX*1518920727~NM1*PR*2*HEALTHFIRST MEDICARE PLAN*****PI*H3359~NM1*GB*1*CRUZ*MARIA~REF*9A*1428~REF*6P*H3359~REF*CE*LR~DTM*232*20131108~DTM*233*20131108~SVC*HC:D5110*124.17*0**0~DTM*472*20131108~CAS*CO*22*124.17~REF*6R*01~CLP*646852  1128*2*124.17*228.83*3*MC*1403600086200230*73*1~NM1*QC*1*ANKHRA*AMUN*B***MI*QX95046K~NM1*82*1******XX*1518920727~REF*9A*1428~REF*CE*LR~DTM*232*20131105~DTM*233*20131105~AMT*AU*231.83~SVC*HC:D5214*124.17*228.83**1~DTM*472*20131105~CAS*CO*94*-20.82**45*-86.84~CAS*PR*3*3~REF*1S*00358~REF*6R*01~AMT*B6*231.83~AMT*ZK*211.01~QTY*ZK*1.358~QTY*ZL*100~CLP*U06532221P*2*124.17*0**MC*1403600086201730*73*1~NM1*QC*1*UNJAWALA*BANU*T***MI*VD13900N~NM1*82*1******XX*1518920727~REF*9A*1428~REF*CE*LR~DTM*232*20131002~DTM*233*20131002~SVC*HC:D2750*124.17*0**0~DTM*472*20131002~CAS*CO*24*124.17~REF*6R*01~CLP*648328  112F*2*124.17*104.76*3*MC*1403600096477430*73*1~NM1*QC*1*COLON*GLORIA****MI*ZC67638C~NM1*82*1******XX*1518920727~REF*9A*1428~REF*CE*LR~DTM*232*20131101~DTM*233*20131101~AMT*AU*107.76~SVC*HC:D1110*0*68.52**1~DTM*472*20131101~CAS*CO*94*-20.82**45*-50.7~CAS*PR*3*3~REF*1S*00377~REF*6R*02~AMT*B6*71.52~AMT*ZK*50.7~QTY*ZK*.3263~QTY*ZL*100~SVC*HC:D0120*124.17*36.24**1~DTM*472*20131101~CAS*CO*45*87.93~REF*1S*00376~REF*6R*01~AMT*B6*36.24~AMT*ZK*36.24~QTY*ZK*.2332~QTY*ZL*100~CLP*663362  1126*2*124.17*129.01**MC*1403600096805130*73*1~NM1*QC*1*JOHNSON*BRIAN*L***MI*WR59058D~NM1*82*1******XX*1518920727~REF*9A*1428~REF*CE*LR~DTM*232*20131105~DTM*233*20131105~AMT*AU*129.01~SVC*HC:D0210*0*92.78**1~DTM*472*20131105~CAS*CO*94*-20.82**45*-71.96~REF*1S*00374~REF*6R*02~AMT*B6*92.78~AMT*ZK*71.96~QTY*ZK*.4631~QTY*ZL*100~SVC*HC:D0160*124.17*36.23**1~DTM*472*20131105~CAS*CO*45*87.94~REF*1S*00376~REF*6R*01~AMT*B6*36.23~AMT*ZK*36.23~QTY*ZK*.2332~QTY*ZL*100~CLP*987404112B*3*124.17*0**MC*1403600096838130*73*1~NM1*QC*1*COLIMON*MARIE*A***MI*XJ63407R~NM1*82*1******XX*1518920727~REF*9A*1428~REF*CE*LR~DTM*232*20131107~DTM*233*20131107~SVC*HC:D5213*124.17*0**0~DTM*472*20131107~CAS*CO*24*124.17~REF*6R*01~SVC*HC:D5214*0*0**0~DTM*472*20131107~CAS*CO*24*0~REF*6R*01~CLP*671844  112I*2*124.17*89.9*3*MC*1403600096868030*73*1~NM1*QC*1*DEBEBE*YEWEINISHE****MI*PX54161Z~NM1*82*1******XX*1518920727~REF*9A*1428~REF*CE*LR~DTM*232*20131107~DTM*233*20131107~AMT*AU*92.9~SVC*HC:D9110*124.17*89.9**1~DTM*472*20131107~CAS*CO*94*-20.82**45*52.09~CAS*PR*3*3~REF*1S*00350~REF*6R*01~AMT*B6*92.9~AMT*ZK*72.08~QTY*ZK*.4639~QTY*ZL*100~CLP*072306  221P*2*124.17*170.78*3*MC*1403600096968530*73*1~NM1*QC*1*FATALIYEVA*GALINA*V***MI*EX59626P~NM1*82*1******XX*1518920727~REF*9A*1428~REF*CE*LR~DTM*232*20131104~DTM*233*20131104~AMT*AU*173.78~SVC*HC:D2954*124.17*170.78**1~DTM*472*20131104~CAS*CO*94*-20.82**45*-28.79~CAS*PR*3*3~REF*1S*00362~REF*6R*01~AMT*B6*173.78~AMT*ZK*152.96~QTY*ZK*.9844~QTY*ZL*100~CLP*991585  112I*2*124.17*0**MC*1403600097163730*73*1~NM1*QC*1*WESTON*GRETEL****MI*ZE77887S~NM1*82*1******XX*1518920727~NM1*PR*2*SECUREHORIZONS BY UNITEDH*****PI*H3307~NM1*GB*1*WESTON*GRETEL~REF*9A*1428~REF*6P*H3307~REF*CE*LR~DTM*232*20131108~DTM*233*20131108~SVC*HC:D5761*124.17*0**0~DTM*472*20131108~CAS*CO*22*124.17~REF*6R*01~CLP*992064  1125*2*124.17*390.08**MC*1403600097386030*73*1~NM1*QC*1*DELVALLECASTRO*ANGEL*L***MI*RQ73923Z~NM1*82*1******XX*1518920727~REF*9A*1428~REF*CE*LR~DTM*232*20131101~DTM*233*20131101~AMT*AU*390.08~SVC*HC:D5214*0*231.83**1~DTM*472*20131101~CAS*CO*94*-20.82**45*-211.01~REF*1S*00358~REF*6R*02~AMT*B6*231.83~AMT*ZK*211.01~QTY*ZK*1.358~QTY*ZL*100~SVC*HC:D5213*124.17*158.25**1~DTM*472*20131101~CAS*CO*45*-34.08~REF*1S*00358~REF*6R*01~AMT*B6*158.25~AMT*ZK*158.25~QTY*ZK*1.358~QTY*ZL*50~CLP*986400  112E*2*124.17*68.52*3*MC*1403600097718430*73*1~NM1*QC*1*DORSI*FRANK****MI*WH42210Q~NM1*82*1******XX*1518920727~REF*9A*1428~REF*CE*LR~DTM*232*20131107~DTM*233*20131107~AMT*AU*71.52~SVC*HC:D1110*124.17*68.52**1~DTM*472*20131107~CAS*CO*94*-20.82**45*73.47~CAS*PR*3*3~REF*1S*00377~REF*6R*01~AMT*B6*71.52~AMT*ZK*50.7~QTY*ZK*.3263~QTY*ZL*100~CLP*985389  112A*2*124.17*170.78*3*MC*1403600097925930*73*1~NM1*QC*1*CINTRON*JOVITA****MI*ZA05358C~NM1*82*1******XX*1518920727~REF*9A*1428~REF*CE*LR~DTM*232*20131106~DTM*233*20131106~AMT*AU*173.78~SVC*HC:D2335*124.17*170.78**1~DTM*472*20131106~CAS*CO*94*-20.82**45*-28.79~CAS*PR*3*3~REF*1S*00362~REF*6R*01~AMT*B6*173.78~AMT*ZK*152.96~QTY*ZK*.9844~QTY*ZL*100~CLP*999536  112I*2*124.17*228.83*3*MC*1403600098679330*73*1~NM1*QC*1*STAINE*ISMAY*E***MI*TA44180N~NM1*82*1******XX*1518920727~REF*9A*1428~REF*CE*LR~DTM*232*20131105~DTM*233*20131105~AMT*AU*231.83~SVC*HC:D5214*124.17*228.83**1~DTM*472*20131105~CAS*CO*94*-20.82**45*-86.84~CAS*PR*3*3~REF*1S*00358~REF*6R*01~AMT*B6*231.83~AMT*ZK*211.01~QTY*ZK*1.358~QTY*ZL*100~CLP*985794  112A*2*124.17*192.48*3*MC*1403600098927630*73*1~NM1*QC*1*PSHEMISH*CHANA****MI*ZC37392V~NM1*82*1******XX*1518920727~REF*9A*1428~REF*CE*LR~DTM*232*20131106~DTM*233*20131106~AMT*AU*195.48~SVC*HC:D3320*124.17*192.48**1~DTM*472*20131106~CAS*CO*94*-20.82**45*-50.49~CAS*PR*3*3~REF*1S*00365~REF*6R*01~AMT*B6*195.48~AMT*ZK*174.66~QTY*ZK*1.1241~QTY*ZL*100~CLP*989055  14A1*2*124.17*224.51**MC*1403600099041730*73*1~NM1*QC*1*MONTGOMERY*BARBARA****MI*ZV06202B~NM1*82*1******XX*1518920727~REF*9A*1428~REF*CE*LR~DTM*232*20131104~DTM*233*20131104~AMT*AU*224.51~SVC*HC:D7140*124.17*137.22**1~DTM*472*20131104~CAS*CO*94*-20.82**45*7.77~REF*1S*00367~REF*6R*01~AMT*B6*137.22~AMT*ZK*116.4~QTY*ZK*.7491~QTY*ZL*100~SVC*HC:D7140*0*87.29**1~DTM*472*20131104~CAS*CO*45*-87.29~REF*1S*00367~REF*6R*02~AMT*B6*87.29~AMT*ZK*87.29~QTY*ZK*.7491~QTY*ZL*50~CLP*984383*2*124.17*698.4*3*MC*1403600099441030*73*1~NM1*QC*1*ROWELL*RHODA*E***MI*AG52311G~NM1*82*1******XX*1518920727~REF*9A*1428~REF*CE*LR~DTM*232*20131104~DTM*233*20131104~AMT*AU*701.4~SVC*HC:D5640*0*161.1**1~DTM*472*20131104~CAS*CO*94*-20.82**45*-143.28~CAS*PR*3*3~REF*1S*00356~REF*6R*03~AMT*B6*164.1~AMT*ZK*143.28~QTY*ZK*.9221~QTY*ZL*100~SVC*HC:D5640*0*107.46**1~DTM*472*20131104~CAS*CO*45*-107.46~REF*1S*00356~REF*6R*06~AMT*B6*107.46~AMT*ZK*107.46~QTY*ZK*.9221~QTY*ZL*50~SVC*HC:D5610*124.17*107.46**1~DTM*472*20131104~CAS*CO*45*16.71~REF*1S*00356~REF*6R*01~AMT*B6*107.46~AMT*ZK*107.46~QTY*ZK*.9221~QTY*ZL*50~SVC*HC:D5610*0*107.46**1~DTM*472*20131104~CAS*CO*45*-107.46~REF*1S*00356~REF*6R*02~AMT*B6*107.46~AMT*ZK*107.46~QTY*ZK*.9221~QTY*ZL*50~SVC*HC:D5640*0*107.46**1~DTM*472*20131104~CAS*CO*45*-107.46~REF*1S*00356~REF*6R*04~AMT*B6*107.46~AMT*ZK*107.46~QTY*ZK*.9221~QTY*ZL*50~SVC*HC:D5640*0*107.46**1~DTM*472*20131104~CAS*CO*45*-107.46~REF*1S*00356~REF*6R*05~AMT*B6*107.46~AMT*ZK*107.46~QTY*ZK*.9221~QTY*ZL*50~CLP*800766  112I*2*124.17*228.83*3*MC*1403600111961630*73*1~NM1*QC*1*BERNAL*ARMANDO****MI*XN46825K~NM1*82*1******XX*1518920727~REF*9A*1428~REF*CE*LR~DTM*232*20131105~DTM*233*20131105~AMT*AU*231.83~SVC*HC:D5110*124.17*228.83**1~DTM*472*20131105~CAS*CO*94*-20.82**45*-86.84~CAS*PR*3*3~REF*1S*00358~REF*6R*01~AMT*B6*231.83~AMT*ZK*211.01~QTY*ZK*1.358~QTY*ZL*100~CLP*802173  112G*2*124.17*196.23*3*MC*1403600117503330*73*1~NM1*QC*1*CHASE*DARREN****MI*PG63224H~NM1*82*1******XX*1518920727~REF*9A*1428~REF*CE*LR~DTM*232*20131104~DTM*233*20131104~AMT*AU*199.23~SVC*HC:D2391*0*119.76**1~DTM*472*20131104~CAS*CO*94*-20.82**45*-101.94~CAS*PR*3*3~REF*1S*00361~REF*6R*02~AMT*B6*122.76~AMT*ZK*101.94~QTY*ZK*.6561~QTY*ZL*100~SVC*HC:D2391*124.17*76.47**1~DTM*472*20131104~CAS*CO*45*47.7~REF*1S*00361~REF*6R*01~AMT*B6*76.47~AMT*ZK*76.47~QTY*ZK*.6561~QTY*ZL*50~CLP*802173  112G*2*124.17*119.76*3*MC*1403600119489930*73*1~NM1*QC*1*CHASE*DARREN****MI*PG63224H~NM1*82*1******XX*1518920727~REF*9A*1428~REF*CE*LR~DTM*232*20131107~DTM*233*20131107~AMT*AU*122.76~SVC*HC:D2392*124.17*119.76**1~DTM*472*20131107~CAS*CO*94*-20.82**45*22.23~CAS*PR*3*3~REF*1S*00361~REF*6R*01~AMT*B6*122.76~AMT*ZK*101.94~QTY*ZK*.6561~QTY*ZL*100~CLP*801659  112I*2*124.17*104.76*3*MC*1403600128709730*73*1~NM1*QC*1*HU*LIKE****MI*SX58728N~NM1*82*1******XX*1518920727~REF*9A*1428~REF*CE*LR~DTM*232*20131104~DTM*233*20131104~AMT*AU*107.76~SVC*HC:D1110*0*68.52**1~DTM*472*20131104~CAS*CO*94*-20.82**45*-50.7~CAS*PR*3*3~REF*1S*00377~REF*6R*02~AMT*B6*71.52~AMT*ZK*50.7~QTY*ZK*.3263~QTY*ZL*100~SVC*HC:D0120*124.17*36.24**1~DTM*472*20131104~CAS*CO*45*87.93~REF*1S*00376~REF*6R*01~AMT*B6*36.24~AMT*ZK*36.24~QTY*ZK*.2332~QTY*ZL*100~CLP*112E*2*124.17*228.83*3*MC*1403600128717630*73*1~NM1*QC*1*OWENS*LEROY*K***MI*RU16640B~NM1*82*1******XX*1518920727~REF*9A*1428~REF*CE*LR~DTM*232*20140128~DTM*233*20140128~AMT*AU*231.83~SVC*HC:D5110*124.17*228.83**1~DTM*472*20140128~CAS*CO*94*-20.82**45*-86.84~CAS*PR*3*3~REF*1S*00358~REF*6R*1~AMT*B6*231.83~AMT*ZK*211.01~QTY*ZK*1.358~QTY*ZL*100~CLP*112E*2*124.17*67.74*3*MC*1403600128719030*73*1~NM1*QC*1*OWENS*LEROY*K***MI*RU16640B~NM1*82*1******XX*1518920727~REF*9A*1428~REF*CE*LR~DTM*232*20140204~DTM*233*20140204~AMT*AU*70.74~SVC*HC:D9310*124.17*46.95**1~DTM*472*20140204~CAS*CO*94*-20.82**45*95.04~CAS*PR*3*3~REF*1S*00350~REF*6R*1~AMT*B6*49.95~AMT*ZK*29.13~QTY*ZK*.1875~QTY*ZL*100~SVC*HC:D0220*0*20.79**1~DTM*472*20140204~CAS*CO*45*-20.79~REF*1S*00373~REF*6R*2~AMT*B6*20.79~AMT*ZK*20.79~QTY*ZK*.1338~QTY*ZL*100~CLP*112E*2*124.17*0**MC*1403600128719830*73*1~NM1*QC*1*OWENS*LEROY*K***MI*RU16640B~NM1*82*1******XX*1518920727~REF*9A*1428~REF*CE*LR~DTM*232*20140121~DTM*233*20140121~SVC*HC:D5110*124.17*0**1~DTM*472*20140121~CAS*CO*97*124.17~REF*1S*00358~REF*6R*1~AMT*ZK*211.01~QTY*ZK*1.358~QTY*ZL*100~LQ*HE*M86~CLP*112E*2*124.17*228.83*3*MC*1403600128820530*73*1~NM1*QC*1*OWENS*LEROY*K***MI*RU16640B~NM1*82*1******XX*1518920727~REF*9A*1428~REF*CE*LR~DTM*232*20131210~DTM*233*20131210~AMT*AU*231.83~SVC*HC:D5110*124.17*228.83**1~DTM*472*20131210~CAS*CO*94*-20.82**45*-86.84~CAS*PR*3*3~REF*1S*00358~REF*6R*1~AMT*B6*231.83~AMT*ZK*211.01~QTY*ZK*1.358~QTY*ZL*100~CLP*112C*2*124.17*144.19*3*MC*1403600128821730*73*1~NM1*QC*1*MCGUIRE*BRUCE*G***MI*RJ73018U~NM1*82*1******XX*1518920727~REF*9A*1428~REF*CE*LR~DTM*232*20140204~DTM*233*20140204~AMT*AU*147.19~SVC*HC:D4341*124.17*144.19**1~DTM*472*20140204~CAS*CO*94*-20.82**45*-2.2~CAS*PR*3*3~REF*1S*00352~REF*6R*1~AMT*B6*147.19~AMT*ZK*126.37~QTY*ZK*.8133~QTY*ZL*100~CLP*1126*3*124.17*382.56*3*MC*1403600128823130*73*1~NM1*QC*1*DEMOTTE*DAVID*L***MI*QV74427H~NM1*82*1******XX*1518920727~REF*9A*1428~REF*CE*LR~DTM*232*20140113~DTM*233*20140113~AMT*AU*385.56~SVC*HC:D2751*124.17*382.56**1~DTM*472*20140113~CAS*CO*94*-20.82**45*-240.57~CAS*PR*3*3~REF*1S*00363~REF*6R*1~AMT*B6*385.56~AMT*ZK*364.74~QTY*ZK*2.3474~QTY*ZL*100~CLP*1125*2*124.17*387.08*3*MC*1403600128823830*73*1~NM1*QC*1*AMEJKA*LAURA****MI*SA49493C~NM1*82*1******XX*1518920727~REF*9A*1428~REF*CE*LR~DTM*232*20140128~DTM*233*20140128~AMT*AU*390.08~SVC*HC:D5110*124.17*228.83**1~DTM*472*20140128~CAS*CO*94*-20.82**45*-86.84~CAS*PR*3*3~REF*1S*00358~REF*6R*1~AMT*B6*231.83~AMT*ZK*211.01~QTY*ZK*1.358~QTY*ZL*100~SVC*HC:D5120*0*158.25**1~DTM*472*20140128~CAS*CO*45*-158.25~REF*1S*00358~REF*6R*2~AMT*B6*158.25~AMT*ZK*158.25~QTY*ZK*1.358~QTY*ZL*50~CLP*112A*3*124.17*0**MC*1403600128824830*73*1~NM1*QC*1*WILLIAMS*NED****MI*NV96221N~NM1*82*1******XX*1518920727~REF*9A*1428~REF*CE*LR~DTM*232*20131113~DTM*233*20131113~SVC*HC:D5414*124.17*0**0~DTM*472*20131113~CAS*CO*181*124.17~REF*1S*00999~REF*6R*1~CLP*112A*3*124.17*89.9*3*MC*1403600128825830*73*1~NM1*QC*1*WILLIAMS*NED****MI*NV96221N~NM1*82*1******XX*1518920727~REF*9A*1428~REF*CE*LR~DTM*232*20140122~DTM*233*20140122~AMT*AU*92.9~SVC*HC:D5422*124.17*89.9**1~DTM*472*20140122~CAS*CO*94*-20.82**45*52.09~CAS*PR*3*3~REF*1S*00350~REF*6R*1~AMT*B6*92.9~AMT*ZK*72.08~QTY*ZK*.4639~QTY*ZL*100~CLP*112A*3*124.17*89.9**MC*1403600128826730*73*1~NM1*QC*1*WILLIAMS*NED****MI*NV96221N~NM1*82*1******XX*1518920727~REF*9A*1428~REF*CE*LR~DTM*232*20131203~DTM*233*20131203~AMT*AU*92.9~SVC*HC:D5422*124.17*89.9**1~DTM*472*20131203~CAS*CO*16*34.27~REF*1S*00999~REF*6R*1~AMT*B6*92.9~AMT*ZK*72.08~QTY*ZK*.4639~QTY*ZL*100~LQ*HE*N19~CLP*1127*2*124.17*92.9**MC*1403600128927430*73*1~NM1*QC*1*VASQUEZ*PATRICIA****MI*UV36684U~NM1*82*1******XX*1518920727~REF*9A*1428~REF*CE*LR~DTM*232*20140122~DTM*233*20140122~AMT*AU*92.9~SVC*HC:D9110*124.17*92.9**1~DTM*472*20140122~CAS*CO*94*-20.82**45*52.09~REF*1S*00350~REF*6R*1~AMT*B6*92.9~AMT*ZK*72.08~QTY*ZK*.4639~QTY*ZL*100~CLP*1127*2*124.17*49.95**MC*1403600128927930*73*1~NM1*QC*1*VASQUEZ*PATRICIA****MI*UV36684U~NM1*82*1******XX*1518920727~REF*9A*1428~REF*CE*LR~DTM*232*20140127~DTM*233*20140127~AMT*AU*49.95~SVC*HC:D9310*124.17*49.95**1~DTM*472*20140127~CAS*CO*94*-20.82**45*95.04~REF*1S*00350~REF*6R*1~AMT*B6*49.95~AMT*ZK*29.13~QTY*ZK*.1875~QTY*ZL*100~CLP*14A1*2*124.17*134.22*3*MC*1403600128929030*73*1~NM1*QC*1*SHARMA*MANEKLALL*K***MI*VB30394P~NM1*82*1******XX*1518920727~REF*9A*1428~REF*CE*LR~DTM*232*20140122~DTM*233*20140122~AMT*AU*137.22~SVC*HC:D7210*124.17*134.22**1~DTM*472*20140122~CAS*CO*94*-20.82**45*7.77~CAS*PR*3*3~REF*1S*00367~REF*6R*1~AMT*B6*137.22~AMT*ZK*116.4~QTY*ZK*.7491~QTY*ZL*100~CLP*14A1*2*124.17*89.9*3*MC*1403600128929930*73*1~NM1*QC*1*SHARMA*MANEKLALL*K***MI*VB30394P~NM1*82*1******XX*1518920727~REF*9A*1428~REF*CE*LR~DTM*232*20140113~DTM*233*20140113~AMT*AU*92.9~SVC*HC:D9110*124.17*89.9**1~DTM*472*20140113~CAS*CO*94*-20.82**45*52.09~CAS*PR*3*3~REF*1S*00350~REF*6R*1~AMT*B6*92.9~AMT*ZK*72.08~QTY*ZK*.4639~QTY*ZL*100~CLP*14A1*2*124.17*134.22*3*MC*1403600128930630*73*1~NM1*QC*1*SHARMA*MANEKLALL*K***MI*VB30394P~NM1*82*1******XX*1518920727~REF*9A*1428~REF*CE*LR~DTM*232*20131120~DTM*233*20131120~AMT*AU*137.22~SVC*HC:D7210*124.17*134.22**1~DTM*472*20131120~CAS*CO*94*-20.82**45*7.77~CAS*PR*3*3~REF*1S*00367~REF*6R*1~AMT*B6*137.22~AMT*ZK*116.4~QTY*ZK*.7491~QTY*ZL*100~CLP*14A1*2*124.17*144.19*3*MC*1403600129031530*73*1~NM1*QC*1*SHARMA*MANEKLALL*K***MI*VB30394P~NM1*82*1******XX*1518920727~REF*9A*1428~REF*CE*LR~DTM*232*20131107~DTM*233*20131107~AMT*AU*147.19~SVC*HC:D4341*124.17*144.19**1~DTM*472*20131107~CAS*CO*94*-20.82**45*-2.2~CAS*PR*3*3~REF*1S*00352~REF*6R*1~AMT*B6*147.19~AMT*ZK*126.37~QTY*ZK*.8133~QTY*ZL*100~CLP*223J*2*124.17*228.83*3*MC*1403600129032430*73*1~NM1*QC*1*MANLET*CHARLES****MI*RW03232J~NM1*82*1******XX*1518920727~REF*9A*1428~REF*CE*LR~DTM*232*20140121~DTM*233*20140121~AMT*AU*231.83~SVC*HC:D5110*124.17*228.83**1~DTM*472*20140121~CAS*CO*94*-20.82**45*-86.84~CAS*PR*3*3~REF*1S*00358~REF*6R*1~AMT*B6*231.83~AMT*ZK*211.01~QTY*ZK*1.358~QTY*ZL*100~CLP*223J*2*124.17*387.08*3*MC*1403600129034030*73*1~NM1*QC*1*MANLET*CHARLES****MI*RW03232J~NM1*82*1******XX*1518920727~REF*9A*1428~REF*CE*LR~DTM*232*20131220~DTM*233*20131220~AMT*AU*390.08~SVC*HC:D5110*124.17*228.83**1~DTM*472*20131220~CAS*CO*94*-20.82**45*-86.84~CAS*PR*3*3~REF*1S*00358~REF*6R*1~AMT*B6*231.83~AMT*ZK*211.01~QTY*ZK*1.358~QTY*ZL*100~SVC*HC:D5120*0*158.25**1~DTM*472*20131220~CAS*CO*45*-158.25~REF*1S*00358~REF*6R*2~AMT*B6*158.25~AMT*ZK*158.25~QTY*ZK*1.358~QTY*ZL*50~CLP*223J*2*124.17*54.05*3*MC*1403600129035030*73*1~NM1*QC*1*MANLET*CHARLES****MI*RW03232J~NM1*82*1******XX*1518920727~REF*9A*1428~REF*CE*LR~DTM*232*20131212~DTM*233*20131212~AMT*AU*57.05~SVC*HC:D0470*124.17*54.05**1~DTM*472*20131212~CAS*CO*94*-20.82**45*87.94~CAS*PR*3*3~REF*1S*00376~REF*6R*1~AMT*B6*57.05~AMT*ZK*36.23~QTY*ZK*.2332~QTY*ZL*100~CLP*30J2*2*124.17*221.51*3*MC*1403600129036230*73*1~NM1*QC*1*GELBER*BARBRA*S***MI*NM32752P~NM1*82*1******XX*1518920727~REF*9A*1428~REF*CE*LR~DTM*232*20140122~DTM*233*20140122~AMT*AU*224.51~SVC*HC:D7140*124.17*134.22**1~DTM*472*20140122~CAS*CO*94*-20.82**45*7.77~CAS*PR*3*3~REF*1S*00367~REF*6R*1~AMT*B6*137.22~AMT*ZK*116.4~QTY*ZK*.7491~QTY*ZL*100~SVC*HC:D7320*0*87.29**1~DTM*472*20140122~CAS*CO*45*-87.29~REF*1S*00367~REF*6R*2~AMT*B6*87.29~AMT*ZK*87.29~QTY*ZK*.7491~QTY*ZL*50~CLP*30J2*2*124.17*46.95*3*MC*1403600129037930*73*1~NM1*QC*1*GELBER*BARBRA*S***MI*NM32752P~NM1*82*1******XX*1518920727~REF*9A*1428~REF*CE*LR~DTM*232*20131213~DTM*233*20131213~AMT*AU*49.95~SVC*HC:D9310*124.17*46.95**1~DTM*472*20131213~CAS*CO*94*-20.82**45*95.04~CAS*PR*3*3~REF*1S*00350~REF*6R*1~AMT*B6*49.95~AMT*ZK*29.13~QTY*ZK*.1875~QTY*ZL*100~CLP*30J2*2*124.17*54.05*3*MC*1403600129038830*73*1~NM1*QC*1*GELBER*BARBRA*S***MI*NM32752P~NM1*82*1******XX*1518920727~REF*9A*1428~REF*CE*LR~DTM*232*20131127~DTM*233*20131127~AMT*AU*57.05~SVC*HC:D0160*124.17*54.05**1~DTM*472*20131127~CAS*CO*94*-20.82**45*87.94~CAS*PR*3*3~REF*1S*00376~REF*6R*1~AMT*B6*57.05~AMT*ZK*36.23~QTY*ZK*.2332~QTY*ZL*100~CLP*112C*3*124.17*265.06*3*MC*1403600129039930*73*1~NM1*QC*1*COLLINS*JAMES****MI*WF39227X~NM1*82*1******XX*1518920727~REF*9A*1428~REF*CE*LR~DTM*232*20140129~DTM*233*20140129~AMT*AU*268.06~SVC*HC:D5120*124.17*228.83**1~DTM*472*20140129~CAS*CO*94*-20.82**45*-86.84~CAS*PR*3*3~REF*1S*00358~REF*6R*1~AMT*B6*231.83~AMT*ZK*211.01~QTY*ZK*1.358~QTY*ZL*100~SVC*HC:D0470*0*36.23**1~DTM*472*20140129~CAS*CO*45*-36.23~REF*1S*00376~REF*6R*2~AMT*B6*36.23~AMT*ZK*36.23~QTY*ZK*.2332~QTY*ZL*100~CLP*112C*3*124.17*387.08*3*MC*1403600129041230*73*1~NM1*QC*1*COLLINS*JAMES****MI*WF39227X~NM1*82*1******XX*1518920727~REF*9A*1428~REF*CE*LR~DTM*232*20140122~DTM*233*20140122~AMT*AU*390.08~SVC*HC:D5120*0*228.83**1~DTM*472*20140122~CAS*CO*94*-20.82**45*-211.01~CAS*PR*3*3~REF*1S*00358~REF*6R*2~AMT*B6*231.83~AMT*ZK*211.01~QTY*ZK*1.358~QTY*ZL*100~SVC*HC:D5110*124.17*158.25**1~DTM*472*20140122~CAS*CO*45*-34.08~REF*1S*00358~REF*6R*1~AMT*B6*158.25~AMT*ZK*158.25~QTY*ZK*1.358~QTY*ZL*50~CLP*112C*3*124.17*387.08*3*MC*1403600129042330*73*1~NM1*QC*1*COLLINS*JAMES****MI*WF39227X~NM1*82*1******XX*1518920727~REF*9A*1428~REF*CE*LR~DTM*232*20140114~DTM*233*20140114~AMT*AU*390.08~SVC*HC:D5120*0*228.83**1~DTM*472*20140114~CAS*CO*94*-20.82**45*-211.01~CAS*PR*3*3~REF*1S*00358~REF*6R*2~AMT*B6*231.83~AMT*ZK*211.01~QTY*ZK*1.358~QTY*ZL*100~SVC*HC:D5110*124.17*158.25**1~DTM*472*20140114~CAS*CO*45*-34.08~REF*1S*00358~REF*6R*1~AMT*B6*158.25~AMT*ZK*158.25~QTY*ZK*1.358~QTY*ZL*50~CLP*112C*3*124.17*54.05*3*MC*1403600129043330*73*1~NM1*QC*1*COLLINS*JAMES****MI*WF39227X~NM1*82*1******XX*1518920727~REF*9A*1428~REF*CE*LR~DTM*232*20131211~DTM*233*20131211~AMT*AU*57.05~SVC*HC:D0160*124.17*54.05**1~DTM*472*20131211~CAS*CO*94*-20.82**45*87.94~CAS*PR*3*3~REF*1S*00376~REF*6R*2~AMT*B6*57.05~AMT*ZK*36.23~QTY*ZK*.2332~QTY*ZL*100~CLP*14A1*2*124.17*134.22*3*MC*1403600129144030*73*1~NM1*QC*1*SHARMA*MANEKLALL*K***MI*VB30394P~NM1*82*1******XX*1518920727~REF*9A*1428~REF*CE*LR~DTM*232*20140129~DTM*233*20140129~AMT*AU*137.22~SVC*HC:D7210*124.17*134.22**1~DTM*472*20140129~CAS*CO*94*-20.82**45*7.77~CAS*PR*3*3~REF*1S*00367~REF*6R*1~AMT*B6*137.22~AMT*ZK*116.4~QTY*ZK*.7491~QTY*ZL*100~CLP*112C*2*124.17*144.19*3*MC*1403600129145030*73*1~NM1*QC*1*MCGUIRE*BRUCE*G***MI*RJ73018U~NM1*82*1******XX*1518920727~REF*9A*1428~REF*CE*LR~DTM*232*20140128~DTM*233*20140128~AMT*AU*147.19~SVC*HC:D4341*124.17*144.19**1~DTM*472*20140128~CAS*CO*94*-20.82**45*-2.2~CAS*PR*3*3~REF*1S*00352~REF*6R*1~AMT*B6*147.19~AMT*ZK*126.37~QTY*ZK*.8133~QTY*ZL*100~CLP*112C*2*124.17*126.01*3*MC*1403600129146630*73*1~NM1*QC*1*MCGUIRE*BRUCE*G***MI*RJ73018U~NM1*82*1******XX*1518920727~REF*9A*1428~REF*CE*LR~DTM*232*20131211~DTM*233*20131211~AMT*AU*129.01~SVC*HC:D0210*0*89.78**1~DTM*472*20131211~CAS*CO*94*-20.82**45*-71.96~CAS*PR*3*3~REF*1S*00374~REF*6R*2~AMT*B6*92.78~AMT*ZK*71.96~QTY*ZK*.4631~QTY*ZL*100~SVC*HC:D0160*124.17*36.23**1~DTM*472*20131211~CAS*CO*45*87.94~REF*1S*00376~REF*6R*1~AMT*B6*36.23~AMT*ZK*36.23~QTY*ZK*.2332~QTY*ZL*100~CLP*112A*2*124.17*192.48*3*MC*1403600129147730*73*1~NM1*QC*1*HARRIS*LUNELL*T***MI*TP24866G~NM1*82*1******XX*1518920727~REF*9A*1428~REF*CE*LR~DTM*232*20140128~DTM*233*20140128~AMT*AU*195.48~SVC*HC:D3310*124.17*192.48**1~DTM*472*20140128~CAS*CO*94*-20.82**45*-50.49~CAS*PR*3*3~REF*1S*00365~REF*6R*1~AMT*B6*195.48~AMT*ZK*174.66~QTY*ZK*1.1241~QTY*ZL*100~CLP*112E*2*124.17*46.95*3*MC*1403600129148830*73*1~NM1*QC*1*CALIXTO*FLORIDA*T***MI*VQ57899H~NM1*82*1******XX*1518920727~REF*9A*1428~REF*CE*LR~DTM*232*20140128~DTM*233*20140128~AMT*AU*49.95~SVC*HC:D9310*124.17*46.95**1~DTM*472*20140128~CAS*CO*94*-20.82**45*95.04~CAS*PR*3*3~REF*1S*00350~REF*6R*1~AMT*B6*49.95~AMT*ZK*29.13~QTY*ZK*.1875~QTY*ZL*100~CLP*112E*2*124.17*134.22*3*MC*1403600129150630*73*1~NM1*QC*1*CALIXTO*FLORIDA*T***MI*VQ57899H~NM1*82*1******XX*1518920727~REF*9A*1428~REF*CE*LR~DTM*232*20131205~DTM*233*20131205~AMT*AU*137.22~SVC*HC:D7210*124.17*134.22**1~DTM*472*20131205~CAS*CO*94*-20.82**45*7.77~CAS*PR*3*3~REF*1S*00367~REF*6R*1~AMT*B6*137.22~AMT*ZK*116.4~QTY*ZK*.7491~QTY*ZL*100~CLP*112E*3*124.17*336.29*3*MC*1403600129151930*73*1~NM1*QC*1*CRUZ*MARIA****MI*ZR71776R~NM1*82*1******XX*1518920727~REF*9A*1428~REF*CE*LR~DTM*232*20140127~DTM*233*20140127~AMT*AU*339.29~SVC*HC:D5110*124.17*228.83**1~DTM*472*20140127~CAS*CO*94*-20.82**45*-86.84~CAS*PR*3*3~REF*1S*00358~REF*6R*1~AMT*B6*231.83~AMT*ZK*211.01~QTY*ZK*1.358~QTY*ZL*100~SVC*HC:D5640*0*107.46**1~DTM*472*20140127~CAS*CO*45*-107.46~REF*1S*00356~REF*6R*2~AMT*B6*107.46~AMT*ZK*107.46~QTY*ZK*.9221~QTY*ZL*50~CLP*112E*3*124.17*228.83*3*MC*1403600129153230*73*1~NM1*QC*1*CRUZ*MARIA****MI*ZR71776R~NM1*82*1******XX*1518920727~REF*9A*1428~REF*CE*LR~DTM*232*20131218~DTM*233*20131218~AMT*AU*231.83~SVC*HC:D5110*124.17*228.83**1~DTM*472*20131218~CAS*CO*94*-20.82**45*-86.84~CAS*PR*3*3~REF*1S*00358~REF*6R*1~AMT*B6*231.83~AMT*ZK*211.01~QTY*ZK*1.358~QTY*ZL*100~CLP*112E*3*124.17*228.83*3*MC*1403600129154130*73*1~NM1*QC*1*CRUZ*MARIA****MI*ZR71776R~NM1*82*1******XX*1518920727~REF*9A*1428~REF*CE*LR~DTM*232*20131209~DTM*233*20131209~AMT*AU*231.83~SVC*HC:D5110*124.17*228.83**1~DTM*472*20131209~CAS*CO*94*-20.82**45*-86.84~CAS*PR*3*3~REF*1S*00358~REF*6R*1~AMT*B6*231.83~AMT*ZK*211.01~QTY*ZK*1.358~QTY*ZL*100~CLP*1126*3*124.17*46.95*3*MC*1403600129155630*73*1~NM1*QC*1*DEMOTTE*DAVID*L***MI*QV74427H~NM1*82*1******XX*1518920727~REF*9A*1428~REF*CE*LR~DTM*232*20140128~DTM*233*20140128~AMT*AU*49.95~SVC*HC:D9310*124.17*46.95**1~DTM*472*20140128~CAS*CO*94*-20.82**45*95.04~CAS*PR*3*3~REF*1S*00350~REF*6R*1~AMT*B6*49.95~AMT*ZK*29.13~QTY*ZK*.1875~QTY*ZL*100~CLP*112B*2*124.17*89.9*3*MC*1403600129156530*73*1~NM1*QC*1*DAVIS*CLARENCE****MI*ZB91257A~NM1*82*1******XX*1518920727~REF*9A*1428~REF*CE*LR~DTM*232*20140128~DTM*233*20140128~AMT*AU*92.9~SVC*HC:D9110*124.17*89.9**1~DTM*472*20140128~CAS*CO*94*-20.82**45*52.09~CAS*PR*3*3~REF*1S*00350~REF*6R*1~AMT*B6*92.9~AMT*ZK*72.08~QTY*ZK*.4639~QTY*ZL*100~CLP*112G*3*124.17*147.19**MC*1403600130048830*73*1~NM1*QC*1*FRAME*MELINDA****MI*SH53474S~NM1*82*1******XX*1518920727~REF*9A*1428~REF*CE*LR~DTM*232*20140129~DTM*233*20140129~AMT*AU*147.19~SVC*HC:D4341*124.17*147.19**1~DTM*472*20140129~CAS*CO*94*-20.82**45*-2.2~REF*1S*00352~REF*6R*01~AMT*B6*147.19~AMT*ZK*126.37~QTY*ZK*.8133~QTY*ZL*100~CLP*1129*2*124.17*126.01*3*MC*1403600130050530*73*1~NM1*QC*1*PAVEL*ALEXANDRU****MI*YQ82406D~NM1*82*1******XX*1518920727~REF*9A*1428~REF*CE*LR~DTM*232*20140108~DTM*233*20140108~AMT*AU*129.01~SVC*HC:D0330*0*89.78**1~DTM*472*20140108~CAS*CO*94*-20.82**45*-71.96~CAS*PR*3*3~REF*1S*00374~REF*6R*02~AMT*B6*92.78~AMT*ZK*71.96~QTY*ZK*.4631~QTY*ZL*100~SVC*HC:D0160*124.17*36.23**1~DTM*472*20140108~CAS*CO*45*87.94~REF*1S*00376~REF*6R*01~AMT*B6*36.23~AMT*ZK*36.23~QTY*ZK*.2332~QTY*ZL*100~CLP*223J*2*124.17*54.05*3*MC*1403600130052430*73*1~NM1*QC*1*TORO*ANNIE*M***MI*QW62316Y~NM1*82*1******XX*1518920727~REF*9A*1428~REF*CE*LR~DTM*232*20140108~DTM*233*20140108~AMT*AU*57.05~SVC*HC:D0470*124.17*54.05**1~DTM*472*20140108~CAS*CO*94*-20.82**45*87.94~CAS*PR*3*3~REF*1S*00376~REF*6R*01~AMT*B6*57.05~AMT*ZK*36.23~QTY*ZK*.2332~QTY*ZL*100~CLP*1125*2*124.17*387.08*3*MC*1403600130053330*73*1~NM1*QC*1*JOHNSON*JAMES*A***MI*WV33385S~NM1*82*1******XX*1518920727~REF*9A*1428~REF*CE*LR~DTM*232*20140123~DTM*233*20140123~AMT*AU*390.08~SVC*HC:D5110*124.17*228.83**1~DTM*472*20140123~CAS*CO*94*-20.82**45*-86.84~CAS*PR*3*3~REF*1S*00358~REF*6R*01~AMT*B6*231.83~AMT*ZK*211.01~QTY*ZK*1.358~QTY*ZL*100~SVC*HC:D5120*0*158.25**1~DTM*472*20140123~CAS*CO*45*-158.25~REF*1S*00358~REF*6R*02~AMT*B6*158.25~AMT*ZK*158.25~QTY*ZK*1.358~QTY*ZL*50~CLP*1125*2*124.17*387.08*3*MC*1403600130054030*73*1~NM1*QC*1*JOHNSON*JAMES*A***MI*WV33385S~NM1*82*1******XX*1518920727~REF*9A*1428~REF*CE*LR~DTM*232*20140127~DTM*233*20140127~AMT*AU*390.08~SVC*HC:D5110*124.17*228.83**1~DTM*472*20140127~CAS*CO*94*-20.82**45*-86.84~CAS*PR*3*3~REF*1S*00358~REF*6R*01~AMT*B6*231.83~AMT*ZK*211.01~QTY*ZK*1.358~QTY*ZL*100~SVC*HC:D5120*0*158.25**1~DTM*472*20140127~CAS*CO*45*-158.25~REF*1S*00358~REF*6R*02~AMT*B6*158.25~AMT*ZK*158.25~QTY*ZK*1.358~QTY*ZL*50~CLP*1125*2*124.17*387.08*3*MC*1403600130055030*73*1~NM1*QC*1*JOHNSON*JAMES*A***MI*WV33385S~NM1*82*1******XX*1518920727~REF*9A*1428~REF*CE*LR~DTM*232*20140129~DTM*233*20140129~AMT*AU*390.08~SVC*HC:D5110*124.17*228.83**1~DTM*472*20140129~CAS*CO*94*-20.82**45*-86.84~CAS*PR*3*3~REF*1S*00358~REF*6R*01~AMT*B6*231.83~AMT*ZK*211.01~QTY*ZK*1.358~QTY*ZL*100~SVC*HC:D5120*0*158.25**1~DTM*472*20140129~CAS*CO*45*-158.25~REF*1S*00358~REF*6R*02~AMT*B6*158.25~AMT*ZK*158.25~QTY*ZK*1.358~QTY*ZL*50~CLP*249D*2*124.17*101.94**MC*1403600130056230*73*1~NM1*QC*1*MELENDEZ*GERMAN****MI*XK67084H~NM1*82*1******XX*1518920727~REF*9A*1428~REF*CE*LR~DTM*232*20131115~DTM*233*20131115~AMT*AU*101.94~SVC*HC:D9310*124.17*49.95**1~DTM*472*20131115~CAS*CO*94*-20.82**45*95.04~REF*1S*00350~REF*6R*01~AMT*B6*49.95~AMT*ZK*29.13~QTY*ZK*.1875~QTY*ZL*100~SVC*HC:D0220*0*20.79**1~DTM*472*20131115~CAS*CO*45*-20.79~REF*1S*00373~REF*6R*02~AMT*B6*20.79~AMT*ZK*20.79~QTY*ZK*.1338~QTY*ZL*100~SVC*HC:D0270*0*15.6**1~DTM*472*20131115~CAS*CO*45*-15.6~REF*1S*00373~REF*6R*03~AMT*B6*15.6~AMT*ZK*15.6~QTY*ZK*.1338~QTY*ZL*50~SVC*HC:D0230*0*15.6**1~DTM*472*20131115~CAS*CO*45*-15.6~REF*1S*00373~REF*6R*02~AMT*B6*15.6~AMT*ZK*15.6~QTY*ZK*.1338~QTY*ZL*50~CLP*249D*2*124.17*195.48**MC*1403600130057630*73*1~NM1*QC*1*MELENDEZ*GERMAN****MI*XK67084H~NM1*82*1******XX*1518920727~REF*9A*1428~REF*CE*LR~DTM*232*20131126~DTM*233*20131126~AMT*AU*195.48~SVC*HC:D3310*124.17*195.48**1~DTM*472*20131126~CAS*CO*94*-20.82**45*-50.49~REF*1S*00365~REF*6R*01~AMT*B6*195.48~AMT*ZK*174.66~QTY*ZK*1.1241~QTY*ZL*100~CLP*249D*2*124.17*195.48**MC*1403600130058630*73*1~NM1*QC*1*MELENDEZ*GERMAN****MI*XK67084H~NM1*82*1******XX*1518920727~REF*9A*1428~REF*CE*LR~DTM*232*20131205~DTM*233*20131205~AMT*AU*195.48~SVC*HC:D3310*124.17*195.48**1~DTM*472*20131205~CAS*CO*94*-20.82**45*-50.49~REF*1S*00365~REF*6R*01~AMT*B6*195.48~AMT*ZK*174.66~QTY*ZK*1.1241~QTY*ZL*100~CLP*249D*2*124.17*195.48**MC*1403600130059630*73*1~NM1*QC*1*MELENDEZ*GERMAN****MI*XK67084H~NM1*82*1******XX*1518920727~REF*9A*1428~REF*CE*LR~DTM*232*20131206~DTM*233*20131206~AMT*AU*195.48~SVC*HC:D3310*124.17*195.48**1~DTM*472*20131206~CAS*CO*94*-20.82**45*-50.49~REF*1S*00365~REF*6R*01~AMT*B6*195.48~AMT*ZK*174.66~QTY*ZK*1.1241~QTY*ZL*100~CLP*249D*2*124.17*122.76**MC*1403600130061130*73*1~NM1*QC*1*MELENDEZ*GERMAN****MI*XK67084H~NM1*82*1******XX*1518920727~REF*9A*1428~REF*CE*LR~DTM*232*20131209~DTM*233*20131209~AMT*AU*122.76~SVC*HC:D2392*124.17*122.76**1~DTM*472*20131209~CAS*CO*94*-20.82**45*22.23~REF*1S*00361~REF*6R*01~AMT*B6*122.76~AMT*ZK*101.94~QTY*ZK*.6561~QTY*ZL*100~CLP*14A1*2*124.17*137.22**MC*1403600130062230*73*1~NM1*QC*1*MELENDEZ*GERMAN****MI*XK67084H~NM1*82*1******XX*1518920727~REF*9A*1428~REF*CE*LR~DTM*232*20131218~DTM*233*20131218~AMT*AU*137.22~SVC*HC:D7210*124.17*137.22**1~DTM*472*20131218~CAS*CO*94*-20.82**45*7.77~REF*1S*00367~REF*6R*01~AMT*B6*137.22~AMT*ZK*116.4~QTY*ZK*.7491~QTY*ZL*100~CLP*221P*2*124.17*0**MC*1403600130064030*73*1~NM1*QC*1*MELENDEZ*GERMAN****MI*XK67084H~NM1*82*1******XX*1518920727~REF*9A*1428~REF*CE*LR~DTM*232*20131218~DTM*233*20131218~SVC*HC:D2391*124.17*0**1~DTM*472*20131218~CAS*CO*97*124.17~REF*1S*00361~REF*6R*01~AMT*ZK*101.94~QTY*ZK*.6561~QTY*ZL*100~LQ*HE*M86~CLP*221P*2*124.17*122.76**MC*1403600130065730*73*1~NM1*QC*1*MELENDEZ*GERMAN****MI*XK67084H~NM1*82*1******XX*1518920727~REF*9A*1428~REF*CE*LR~DTM*232*20140108~DTM*233*20140108~AMT*AU*122.76~SVC*HC:D2391*124.17*122.76**1~DTM*472*20140108~CAS*CO*94*-20.82**45*22.23~REF*1S*00361~REF*6R*01~AMT*B6*122.76~AMT*ZK*101.94~QTY*ZK*.6561~QTY*ZL*100~CLP*1129*2*124.17*126.01*3*MC*1403600130066630*73*1~NM1*QC*1*MAHLKE*PHILIP*W***MI*RS91160J~NM1*82*1******XX*1518920727~REF*9A*1428~REF*CE*LR~DTM*232*20140129~DTM*233*20140129~AMT*AU*129.01~SVC*HC:D0210*0*89.78**1~DTM*472*20140129~CAS*CO*94*-20.82**45*-71.96~CAS*PR*3*3~REF*1S*00374~REF*6R*02~AMT*B6*92.78~AMT*ZK*71.96~QTY*ZK*.4631~QTY*ZL*100~SVC*HC:D0160*124.17*36.23**1~DTM*472*20140129~CAS*CO*45*87.94~REF*1S*00376~REF*6R*01~AMT*B6*36.23~AMT*ZK*36.23~QTY*ZK*.2332~QTY*ZL*100~CLP*14A1*2*124.17*46.95*3*MC*1403600130168030*73*1~NM1*QC*1*MIGACZ*EUGENE*J***MI*VK69699J~NM1*82*1******XX*1518920727~REF*9A*1428~REF*CE*LR~DTM*232*20131217~DTM*233*20131217~AMT*AU*49.95~SVC*HC:D9310*124.17*46.95**1~DTM*472*20131217~CAS*CO*94*-20.82**45*95.04~CAS*PR*3*3~REF*1S*00350~REF*6R*01~AMT*B6*49.95~AMT*ZK*29.13~QTY*ZK*.1875~QTY*ZL*100~CLP*14A1*2*124.17*134.22*3*MC*1403600130169330*73*1~NM1*QC*1*MIGACZ*EUGENE*J***MI*VK69699J~NM1*82*1******XX*1518920727~REF*9A*1428~REF*CE*LR~DTM*232*20140129~DTM*233*20140129~AMT*AU*137.22~SVC*HC:D7210*124.17*134.22**1~DTM*472*20140129~CAS*CO*94*-20.82**45*7.77~CAS*PR*3*3~REF*1S*00367~REF*6R*01~AMT*B6*137.22~AMT*ZK*116.4~QTY*ZK*.7491~QTY*ZL*100~CLP*1126*3*124.17*90.44*3*MC*1403600130170530*73*1~NM1*QC*1*GARCIA*JULIETA****MI*EA00944E~NM1*82*1******XX*1518920727~REF*9A*1428~REF*CE*LR~DTM*232*20140107~DTM*233*20140107~AMT*AU*93.44~SVC*HC:D0160*124.17*54.05**1~DTM*472*20140107~CAS*CO*94*-20.82**45*87.94~CAS*PR*3*3~REF*1S*00376~REF*6R*01~AMT*B6*57.05~AMT*ZK*36.23~QTY*ZK*.2332~QTY*ZL*100~SVC*HC:D0230*0*20.79**1~DTM*472*20140107~CAS*CO*45*-20.79~REF*1S*00373~REF*6R*03~AMT*B6*20.79~AMT*ZK*20.79~QTY*ZK*.1338~QTY*ZL*100~SVC*HC:D0220*0*15.6**1~DTM*472*20140107~CAS*CO*45*-15.6~REF*1S*00373~REF*6R*02~AMT*B6*15.6~AMT*ZK*15.6~QTY*ZK*.1338~QTY*ZL*50~CLP*14A1*3*124.17*221.51*3*MC*1403600130172330*73*1~NM1*QC*1*GARCIA*JULIETA****MI*EA00944E~NM1*82*1******XX*1518920727~REF*9A*1428~REF*CE*LR~DTM*232*20140124~DTM*233*20140124~AMT*AU*224.51~SVC*HC:D7140*124.17*134.22**1~DTM*472*20140124~CAS*CO*94*-20.82**45*7.77~CAS*PR*3*3~REF*1S*00367~REF*6R*01~AMT*B6*137.22~AMT*ZK*116.4~QTY*ZK*.7491~QTY*ZL*100~SVC*HC:D7210*0*87.29**1~DTM*472*20140124~CAS*CO*45*-87.29~REF*1S*00367~REF*6R*02~AMT*B6*87.29~AMT*ZK*87.29~QTY*ZK*.7491~QTY*ZL*50~CLP*1126*3*124.17*144.19*3*MC*1403600130173430*73*1~NM1*QC*1*GARCIA*JULIETA****MI*EA00944E~NM1*82*1******XX*1518920727~REF*9A*1428~REF*CE*LR~DTM*232*20140129~DTM*233*20140129~AMT*AU*147.19~SVC*HC:D4341*124.17*144.19**1~DTM*472*20140129~CAS*CO*94*-20.82**45*-2.2~CAS*PR*3*3~REF*1S*00352~REF*6R*01~AMT*B6*147.19~AMT*ZK*126.37~QTY*ZK*.8133~QTY*ZL*100~CLP*57N2*2*124.17*162.4*3*MC*1403600130174230*73*1~NM1*QC*1*TORO*LUZ*S***MI*DH21294J~NM1*82*1******XX*1518920727~REF*9A*1428~REF*CE*LR~DTM*232*20140129~DTM*233*20140129~AMT*AU*165.4~SVC*HC:D0330*0*89.78**1~DTM*472*20140129~CAS*CO*94*-20.82**45*-71.96~CAS*PR*3*3~REF*1S*00374~REF*6R*04~AMT*B6*92.78~AMT*ZK*71.96~QTY*ZK*.4631~QTY*ZL*100~SVC*HC:D0160*124.17*36.23**1~DTM*472*20140129~CAS*CO*45*87.94~REF*1S*00376~REF*6R*01~AMT*B6*36.23~AMT*ZK*36.23~QTY*ZK*.2332~QTY*ZL*100~SVC*HC:D0220*0*20.79**1~DTM*472*20140129~CAS*CO*45*-20.79~REF*1S*00373~REF*6R*02~AMT*B6*20.79~AMT*ZK*20.79~QTY*ZK*.1338~QTY*ZL*100~SVC*HC:D0230*0*15.6**1~DTM*472*20140129~CAS*CO*45*-15.6~REF*1S*00373~REF*6R*03~AMT*B6*15.6~AMT*ZK*15.6~QTY*ZK*.1338~QTY*ZL*50~CLP*112E*2*124.17*54.05*3*MC*1403600130242430*73*1~NM1*QC*1*PEREZ*MARIBEL****MI*ND38639Y~NM1*82*1******XX*1518920727~REF*9A*1428~REF*CE*LR~DTM*232*20140129~DTM*233*20140129~AMT*AU*57.05~SVC*HC:D0160*124.17*54.05**1~DTM*472*20140129~CAS*CO*94*-20.82**45*87.94~CAS*PR*3*3~REF*1S*00376~REF*6R*01~AMT*B6*57.05~AMT*ZK*36.23~QTY*ZK*.2332~QTY*ZL*100~CLP*1129*2*124.17*89.9*3*MC*1403600130277230*73*1~NM1*QC*1*MORALES*INES****MI*WA92047S~NM1*82*1******XX*1518920727~REF*9A*1428~REF*CE*LR~DTM*232*20140129~DTM*233*20140129~AMT*AU*92.9~SVC*HC:D9110*124.17*89.9**1~DTM*472*20140129~CAS*CO*94*-20.82**45*52.09~CAS*PR*3*3~REF*1S*00350~REF*6R*01~AMT*B6*92.9~AMT*ZK*72.08~QTY*ZK*.4639~QTY*ZL*100~CLP*14A1*2*124.17*134.22*3*MC*1403600130279230*73*1~NM1*QC*1*CAMPBELLBEYMAN*BRENDA****MI*WE50232K~NM1*82*1******XX*1518920727~REF*9A*1428~REF*CE*LR~DTM*232*20131217~DTM*233*20131217~AMT*AU*137.22~SVC*HC:D7210*124.17*134.22**1~DTM*472*20131217~CAS*CO*94*-20.82**45*7.77~CAS*PR*3*3~REF*1S*00367~REF*6R*01~AMT*B6*137.22~AMT*ZK*116.4~QTY*ZK*.7491~QTY*ZL*100~CLP*112B*2*124.17*104.76*3*MC*1403600130280830*73*1~NM1*QC*1*CAMPBELLBEYMAN*BRENDA****MI*WE50232K~NM1*82*1******XX*1518920727~REF*9A*1428~REF*CE*LR~DTM*232*20131220~DTM*233*20131220~AMT*AU*107.76~SVC*HC:D1110*0*68.52**1~DTM*472*20131220~CAS*CO*94*-20.82**45*-50.7~CAS*PR*3*3~REF*1S*00377~REF*6R*02~AMT*B6*71.52~AMT*ZK*50.7~QTY*ZK*.3263~QTY*ZL*100~SVC*HC:D0120*124.17*36.24**1~DTM*472*20131220~CAS*CO*45*87.93~REF*1S*00376~REF*6R*01~AMT*B6*36.24~AMT*ZK*36.24~QTY*ZK*.2332~QTY*ZL*100~CLP*14A1*3*124.17*0**MC*1403600130281630*73*1~NM1*QC*1*MIRANDA*MYRA****MI*YJ15040Y~NM1*82*1******XX*1518920727~REF*9A*1428~REF*CE*LR~DTM*232*20131105~DTM*233*20131105~SVC*HC:D7140*124.17*0**0~DTM*472*20141105~CAS*CO*16*124.17~REF*6R*01~LQ*HE*MA31~CLP*14A1*3*124.17*0**MC*1403600130282830*73*1~NM1*QC*1*MIRANDA*MYRA****MI*YJ15040Y~NM1*82*1******XX*1518920727~REF*9A*1428~REF*CE*LR~DTM*232*20131204~DTM*233*20131204~SVC*HC:D7140*124.17*0**0~DTM*472*20141105~CAS*CO*16*124.17~REF*6R*01~LQ*HE*MA31~CLP*14A1*3*124.17*134.22*3*MC*1403600130283630*73*1~NM1*QC*1*MIRANDA*MYRA****MI*YJ15040Y~NM1*82*1******XX*1518920727~REF*9A*1428~REF*CE*LR~DTM*232*20140113~DTM*233*20140113~AMT*AU*137.22~SVC*HC:D7140*124.17*134.22**1~DTM*472*20140113~CAS*CO*94*-20.82**45*7.77~CAS*PR*3*3~REF*1S*00367~REF*6R*01~AMT*B6*137.22~AMT*ZK*116.4~QTY*ZK*.7491~QTY*ZL*100~CLP*14A1*3*124.17*134.22*3*MC*1403600130385030*73*1~NM1*QC*1*MIRANDA*MYRA****MI*YJ15040Y~NM1*82*1******XX*1518920727~REF*9A*1428~REF*CE*LR~DTM*232*20140129~DTM*233*20140129~AMT*AU*137.22~SVC*HC:D7210*124.17*134.22**1~DTM*472*20140129~CAS*CO*94*-20.82**45*7.77~CAS*PR*3*3~REF*1S*00367~REF*6R*01~AMT*B6*137.22~AMT*ZK*116.4~QTY*ZK*.7491~QTY*ZL*100~CLP*112J*2*124.17*0**MC*1403600130385830*73*1~NM1*QC*1*LEE*ADRIENNE****MI*YY09107C~NM1*82*1******XX*1518920727~NM1*PR*2*HEALTHFIRST MEDICARE PLAN*****PI*H3359~NM1*GB*1*LEE*ADRIENNE~REF*9A*1428~REF*6P*H3359~REF*CE*LR~DTM*232*20140129~DTM*233*20140129~SVC*HC:D2331*124.17*0**0~DTM*472*20140129~CAS*CO*22*124.17~REF*6R*01~CLP*1OME*2*124.17*33.48*3*MC*1403600130386530*73*1~NM1*QC*1*BURK*PAUL*V***MI*VW71216U~NM1*82*1******XX*1518920727~REF*9A*1428~REF*CE*LR~DTM*232*20140129~DTM*233*20140129~AMT*AU*36.48~SVC*HC:D0502*124.17*33.48**1~DTM*472*20140129~CAS*CO*94*-20.82**45*108.51~CAS*PR*3*3~REF*1S*00376~REF*6R*01~AMT*B6*36.48~AMT*ZK*15.66~QTY*ZK*.1008~QTY*ZL*100~CLP*1129*2*124.17*387.08*3*MC*1403600130388030*73*1~NM1*QC*1*RONGA*DAVID****MI*YC23200R~NM1*82*1******XX*1518920727~REF*9A*1428~REF*CE*LR~DTM*232*20131204~DTM*233*20131204~AMT*AU*390.08~SVC*HC:D5213*124.17*228.83**1~DTM*472*20131204~CAS*CO*94*-20.82**45*-86.84~CAS*PR*3*3~REF*1S*00358~REF*6R*01~AMT*B6*231.83~AMT*ZK*211.01~QTY*ZK*1.358~QTY*ZL*100~SVC*HC:D5214*0*158.25**1~DTM*472*20131204~CAS*CO*45*-158.25~REF*1S*00358~REF*6R*02~AMT*B6*158.25~AMT*ZK*158.25~QTY*ZK*1.358~QTY*ZL*50~CLP*1129*2*124.17*387.08*3*MC*1403600130389530*73*1~NM1*QC*1*RONGA*DAVID****MI*YC23200R~NM1*82*1******XX*1518920727~REF*9A*1428~REF*CE*LR~DTM*232*20131211~DTM*233*20131211~AMT*AU*390.08~SVC*HC:D5213*124.17*228.83**1~DTM*472*20131211~CAS*CO*94*-20.82**45*-86.84~CAS*PR*3*3~REF*1S*00358~REF*6R*01~AMT*B6*231.83~AMT*ZK*211.01~QTY*ZK*1.358~QTY*ZL*100~SVC*HC:D5214*0*158.25**1~DTM*472*20131211~CAS*CO*45*-158.25~REF*1S*00358~REF*6R*02~AMT*B6*158.25~AMT*ZK*158.25~QTY*ZK*1.358~QTY*ZL*50~CLP*1129*2*124.17*387.08*3*MC*1403600130391630*73*1~NM1*QC*1*RONGA*DAVID****MI*YC23200R~NM1*82*1******XX*1518920727~REF*9A*1428~REF*CE*LR~DTM*232*20140129~DTM*233*20140129~AMT*AU*390.08~SVC*HC:D5213*124.17*228.83**1~DTM*472*20140129~CAS*CO*94*-20.82**45*-86.84~CAS*PR*3*3~REF*1S*00358~REF*6R*01~AMT*B6*231.83~AMT*ZK*211.01~QTY*ZK*1.358~QTY*ZL*100~SVC*HC:D5214*0*158.25**1~DTM*472*20140129~CAS*CO*45*-158.25~REF*1S*00358~REF*6R*02~AMT*B6*158.25~AMT*ZK*158.25~QTY*ZK*1.358~QTY*ZL*50~CLP*1128*2*124.17*104.76*3*MC*1403600130392530*73*1~NM1*QC*1*LI*HAN*S***MI*SN52162R~NM1*82*1******XX*1518920727~REF*9A*1428~REF*CE*LR~DTM*232*20131203~DTM*233*20131203~AMT*AU*107.76~SVC*HC:D1110*0*68.52**1~DTM*472*20131203~CAS*CO*94*-20.82**45*-50.7~CAS*PR*3*3~REF*1S*00377~REF*6R*02~AMT*B6*71.52~AMT*ZK*50.7~QTY*ZK*.3263~QTY*ZL*100~SVC*HC:D0120*124.17*36.24**1~DTM*472*20131203~CAS*CO*45*87.93~REF*1S*00376~REF*6R*01~AMT*B6*36.24~AMT*ZK*36.24~QTY*ZK*.2332~QTY*ZL*100~CLP*1127*2*124.17*0**MC*1403600130394030*73*1~NM1*QC*1*CUTLER*RONALD****MI*ZS42073A~NM1*82*1******XX*1518920727~REF*9A*1428~REF*CE*LR~DTM*232*20140129~DTM*233*20140129~SVC*HC:D0160*124.17*0**1~DTM*472*20140129~CAS*CO*B5*124.17~REF*1S*00376~REF*6R*01~AMT*ZK*36.23~QTY*ZK*.2332~QTY*ZL*100~CLP*1126*2*124.17*89.9*3*MC*1403600130394530*73*1~NM1*QC*1*TRONCOSO*FRANCISCO****MI*ZR10016D~NM1*82*1******XX*1518920727~REF*9A*1428~REF*CE*LR~DTM*232*20140127~DTM*233*20140127~AMT*AU*92.9~SVC*HC:D9110*124.17*89.9**1~DTM*472*20140127~CAS*CO*94*-20.82**45*52.09~CAS*PR*3*3~REF*1S*00350~REF*6R*01~AMT*B6*92.9~AMT*ZK*72.08~QTY*ZK*.4639~QTY*ZL*100~CLP*1126*2*124.17*104.76*3*MC*1403600130395230*73*1~NM1*QC*1*TRONCOSO*FRANCISCO****MI*ZR10016D~NM1*82*1******XX*1518920727~REF*9A*1428~REF*CE*LR~DTM*232*20140129~DTM*233*20140129~AMT*AU*107.76~SVC*HC:D1110*0*68.52**1~DTM*472*20140129~CAS*CO*94*-20.82**45*-50.7~CAS*PR*3*3~REF*1S*00377~REF*6R*02~AMT*B6*71.52~AMT*ZK*50.7~QTY*ZK*.3263~QTY*ZL*100~SVC*HC:D0160*124.17*36.24**1~DTM*472*20140129~CAS*CO*45*87.93~REF*1S*00376~REF*6R*01~AMT*B6*36.24~AMT*ZK*36.24~QTY*ZK*.2332~QTY*ZL*100~CLP*1128*2*124.17*68.52*3*MC*1403600130396930*73*1~NM1*QC*1*FLOWERS*KEVIN*A***MI*WA01945Y~NM1*82*1******XX*1518920727~REF*9A*1428~REF*CE*LR~DTM*232*20140129~DTM*233*20140129~AMT*AU*71.52~SVC*HC:D1110*124.17*68.52**1~DTM*472*20140129~CAS*CO*94*-20.82**45*73.47~CAS*PR*3*3~REF*1S*00377~REF*6R*01~AMT*B6*71.52~AMT*ZK*50.7~QTY*ZK*.3263~QTY*ZL*100~CLP*1129*2*124.17*0**MC*1403600130397930*73*1~NM1*QC*1*FITZGERALD*STANLEY****MI*EN39415H~NM1*82*1******XX*1518920727~REF*9A*1428~REF*CE*LR~DTM*232*20140106~DTM*233*20140106~SVC*HC:D9110*124.17*0**0~DTM*472*20130106~CAS*CO*16*124.17~REF*6R*01~LQ*HE*MA31~CLP*1129*2*124.17*54.05*3*MC*1403600130499230*73*1~NM1*QC*1*FITZGERALD*STANLEY****MI*EN39415H~NM1*82*1******XX*1518920727~REF*9A*1428~REF*CE*LR~DTM*232*20140115~DTM*233*20140115~AMT*AU*57.05~SVC*HC:D0160*124.17*54.05**1~DTM*472*20140115~CAS*CO*94*-20.82**45*87.94~CAS*PR*3*3~REF*1S*00376~REF*6R*01~AMT*B6*57.05~AMT*ZK*36.23~QTY*ZK*.2332~QTY*ZL*100~CLP*14A1*2*124.17*134.22*3*MC*1403600130500430*73*1~NM1*QC*1*FITZGERALD*STANLEY****MI*EN39415H~NM1*82*1******XX*1518920727~REF*9A*1428~REF*CE*LR~DTM*232*20140129~DTM*233*20140129~AMT*AU*137.22~SVC*HC:D7210*124.17*134.22**1~DTM*472*20140129~CAS*CO*94*-20.82**45*7.77~CAS*PR*3*3~REF*1S*00367~REF*6R*01~AMT*B6*137.22~AMT*ZK*116.4~QTY*ZK*.7491~QTY*ZL*100~CLP*1128*2*124.17*89.9*3*MC*1403600130501430*73*1~NM1*QC*1*LI*HAN*S***MI*SN52162R~NM1*82*1******XX*1518920727~REF*9A*1428~REF*CE*LR~DTM*232*20140129~DTM*233*20140129~AMT*AU*92.9~SVC*HC:D9110*124.17*89.9**1~DTM*472*20140129~CAS*CO*94*-20.82**45*52.09~CAS*PR*3*3~REF*1S*00350~REF*6R*01~AMT*B6*92.9~AMT*ZK*72.08~QTY*ZK*.4639~QTY*ZL*100~CLP*112E*2*124.17*134.22*3*MC*1403600130502530*73*1~NM1*QC*1*MONTALVO*MARIA****MI*UW59623F~NM1*82*1******XX*1518920727~REF*9A*1428~REF*CE*LR~DTM*232*20140129~DTM*233*20140129~AMT*AU*137.22~SVC*HC:D7140*124.17*134.22**1~DTM*472*20140129~CAS*CO*94*-20.82**45*7.77~CAS*PR*3*3~REF*1S*00367~REF*6R*01~AMT*B6*137.22~AMT*ZK*116.4~QTY*ZK*.7491~QTY*ZL*100~CLP*1125*2*124.17*390.08**MC*1403600130503530*73*1~NM1*QC*1*GREENFEST*MARK****MI*DN52138K~NM1*82*1******XX*1518920727~REF*9A*1428~REF*CE*LR~DTM*232*20140129~DTM*233*20140129~AMT*AU*390.08~SVC*HC:D5214*124.17*231.83**1~DTM*472*20140129~CAS*CO*94*-20.82**45*-86.84~REF*1S*00358~REF*6R*01~AMT*B6*231.83~AMT*ZK*211.01~QTY*ZK*1.358~QTY*ZL*100~SVC*HC:D5213*0*158.25**1~DTM*472*20140129~CAS*CO*45*-158.25~REF*1S*00358~REF*6R*02~AMT*B6*158.25~AMT*ZK*158.25~QTY*ZK*1.358~QTY*ZL*50~CLP*1126*3*124.17*125.54*3*MC*1403600130505230*73*1~NM1*QC*1*HENRY*JAMES*J***MI*RX77757P~NM1*82*1******XX*1518920727~REF*9A*1428~REF*CE*LR~DTM*232*20140129~DTM*233*20140129~AMT*AU*128.54~SVC*HC:D1110*0*68.52**1~DTM*472*20140129~CAS*CO*94*-20.82**45*-50.7~CAS*PR*3*3~REF*1S*00377~REF*6R*02~AMT*B6*71.52~AMT*ZK*50.7~QTY*ZK*.3263~QTY*ZL*100~SVC*HC:D0160*124.17*36.23**1~DTM*472*20140129~CAS*CO*45*87.94~REF*1S*00376~REF*6R*01~AMT*B6*36.23~AMT*ZK*36.23~QTY*ZK*.2332~QTY*ZL*100~SVC*HC:D0274*0*20.79**1~DTM*472*20140129~CAS*CO*45*-20.79~REF*1S*00373~REF*6R*03~AMT*B6*20.79~AMT*ZK*20.79~QTY*ZK*.1338~QTY*ZL*100~CLP*1129*2*124.17*134.22*3*MC*1403600130606030*73*1~NM1*QC*1*GRAY*SUSAN*P***MI*XD54463P~NM1*82*1******XX*1518920727~REF*9A*1428~REF*CE*LR~DTM*232*20131112~DTM*233*20131112~AMT*AU*137.22~SVC*HC:D7140*124.17*134.22**1~DTM*472*20131112~CAS*CO*94*-20.82**45*7.77~CAS*PR*3*3~REF*1S*00367~REF*6R*01~AMT*B6*137.22~AMT*ZK*116.4~QTY*ZK*.7491~QTY*ZL*100~CLP*1129*2*124.17*46.95*3*MC*1403600130607130*73*1~NM1*QC*1*GRAY*SUSAN*P***MI*XD54463P~NM1*82*1******XX*1518920727~REF*9A*1428~REF*CE*LR~DTM*232*20140128~DTM*233*20140128~AMT*AU*49.95~SVC*HC:D9310*124.17*46.95**1~DTM*472*20140128~CAS*CO*94*-20.82**45*95.04~CAS*PR*3*3~REF*1S*00350~REF*6R*01~AMT*B6*49.95~AMT*ZK*29.13~QTY*ZK*.1875~QTY*ZL*100~CLP*7726521128*3*124.17*0**MC*1403600130830830*73*1~NM1*QC*1*SOSA*BENJAMIN****MI*QK61198Q~NM1*82*1******XX*1518920727~REF*9A*1428~REF*CE*LR~DTM*232*20131029~DTM*233*20131029~SVC*HC:D4341*124.17*0**0~DTM*472*20131029~CAS*CO*29*124.17~REF*6R*01~SVC*HC:D4341*0*0**0~DTM*472*20131029~CAS*CO*29*0~REF*6R*01~CLP*802577  112I*2*124.17*104.76*3*MC*1403600130832230*73*1~NM1*QC*1*LU*YUZHEN****MI*SX58718S~NM1*82*1******XX*1518920727~REF*9A*1428~REF*CE*LR~DTM*232*20131104~DTM*233*20131104~AMT*AU*107.76~SVC*HC:D1110*0*68.52**1~DTM*472*20131104~CAS*CO*94*-20.82**45*-50.7~CAS*PR*3*3~REF*1S*00377~REF*6R*02~AMT*B6*71.52~AMT*ZK*50.7~QTY*ZK*.3263~QTY*ZL*100~SVC*HC:D0120*124.17*36.24**1~DTM*472*20131104~CAS*CO*45*87.93~REF*1S*00376~REF*6R*01~AMT*B6*36.24~AMT*ZK*36.24~QTY*ZK*.2332~QTY*ZL*100~CLP*803116  1OME*2*124.17*0**MC*1403600131893230*73*1~NM1*QC*1*AYALA*DELIA****MI*YP49933R~NM1*82*1******XX*1518920727~REF*9A*1428~REF*CE*LR~DTM*232*20131105~DTM*233*20131105~SVC*HC:D9340*124.17*0**0~DTM*472*20131105~CAS*CO*181*124.17~REF*1S*00999~REF*6R*01~CLP*803574  112B*2*124.17*387.08*3*MC*1403600132219730*73*1~NM1*QC*1*KELLER*IRA****MI*YS33606D~NM1*82*1******XX*1518920727~REF*9A*1428~REF*CE*LR~DTM*232*20131104~DTM*233*20131104~AMT*AU*390.08~SVC*HC:D5110*124.17*228.83**1~DTM*472*20131104~CAS*CO*94*-20.82**45*-86.84~CAS*PR*3*3~REF*1S*00358~REF*6R*01~AMT*B6*231.83~AMT*ZK*211.01~QTY*ZK*1.358~QTY*ZL*100~SVC*HC:D5120*0*158.25**1~DTM*472*20131104~CAS*CO*45*-158.25~REF*1S*00358~REF*6R*02~AMT*B6*158.25~AMT*ZK*158.25~QTY*ZK*1.358~QTY*ZL*50~CLP*803574  112B*2*124.17*0**MC*1403600132435530*73*1~NM1*QC*1*KELLER*IRA****MI*YS33606D~NM1*82*1******XX*1518920727~REF*9A*1428~REF*CE*LR~DTM*232*20131106~DTM*233*20131106~SVC*HC:D5120*0*0**0~DTM*472*20131104~CAS*CO*16*0~REF*6R*02~LQ*HE*MA31~SVC*HC:D5110*124.17*0**0~DTM*472*20131106~CAS*CO*16*124.17~REF*6R*01~LQ*HE*MA31~CLP*794580  112A*2*124.17*387.08*3*MC*1403600132536530*73*1~NM1*QC*1*RODRIGUEZ*DOLORES*A***MI*VX43183D~NM1*82*1******XX*1518920727~REF*9A*1428~REF*CE*LR~DTM*232*20131105~DTM*233*20131105~AMT*AU*390.08~SVC*HC:D5213*124.17*228.83**1~DTM*472*20131105~CAS*CO*94*-20.82**45*-86.84~CAS*PR*3*3~REF*1S*00358~REF*6R*01~AMT*B6*231.83~AMT*ZK*211.01~QTY*ZK*1.358~QTY*ZL*100~SVC*HC:D5214*0*158.25**1~DTM*472*20131105~CAS*CO*45*-158.25~REF*1S*00358~REF*6R*02~AMT*B6*158.25~AMT*ZK*158.25~QTY*ZK*1.358~QTY*ZL*50~CLP*762339  57N2*2*124.17*54.05*3*MC*1403600145854030*73*1~NM1*QC*1*SOTO*JOSE****MI*PM13326R~NM1*82*1******XX*1518920727~REF*9A*1428~REF*CE*LR~DTM*232*20131104~DTM*233*20131104~AMT*AU*57.05~SVC*HC:D0160*124.17*54.05**1~DTM*472*20131104~CAS*CO*94*-20.82**45*87.94~CAS*PR*3*3~REF*1S*00376~REF*6R*01~AMT*B6*57.05~AMT*ZK*36.23~QTY*ZK*.2332~QTY*ZL*100~CLP*762011  112J*2*124.17*387.08*3*MC*1403600146553330*73*1~NM1*QC*1*HASHMI*RABIA****MI*RT22831R~NM1*82*1******XX*1518920727~REF*9A*1428~REF*CE*LR~DTM*232*20131104~DTM*233*20131104~AMT*AU*390.08~SVC*HC:D5213*124.17*228.83**1~DTM*472*20131104~CAS*CO*94*-20.82**45*-86.84~CAS*PR*3*3~REF*1S*00358~REF*6R*01~AMT*B6*231.83~AMT*ZK*211.01~QTY*ZK*1.358~QTY*ZL*100~SVC*HC:D5214*0*158.25**1~DTM*472*20131104~CAS*CO*45*-158.25~REF*1S*00358~REF*6R*02~AMT*B6*158.25~AMT*ZK*158.25~QTY*ZK*1.358~QTY*ZL*50~CLP*762217  112G*2*124.17*104.76*3*MC*1403600147316930*73*1~NM1*QC*1*ROSS*DORENE*L***MI*AJ01647G~NM1*82*1******XX*1518920727~REF*9A*1428~REF*CE*LR~DTM*232*20131107~DTM*233*20131107~AMT*AU*107.76~SVC*HC:D1110*0*68.52**1~DTM*472*20131107~CAS*CO*94*-20.82**45*-50.7~CAS*PR*3*3~REF*1S*00377~REF*6R*02~AMT*B6*71.52~AMT*ZK*50.7~QTY*ZK*.3263~QTY*ZL*100~SVC*HC:D0120*124.17*36.24**1~DTM*472*20131107~CAS*CO*45*87.93~REF*1S*00376~REF*6R*01~AMT*B6*36.24~AMT*ZK*36.24~QTY*ZK*.2332~QTY*ZL*100~CLP*7726521128*3*124.17*0**MC*1403600150646430*73*1~NM1*QC*1*SOSA*BENJAMIN****MI*QK61198Q~NM1*82*1******XX*1518920727~REF*9A*1428~REF*CE*LR~DTM*232*20131029~DTM*233*20131029~SVC*HC:D4341*124.17*0**0~DTM*472*20131029~CAS*CO*29*124.17~REF*6R*01~SVC*HC:D4341*0*0**0~DTM*472*20131029~CAS*CO*29*0~REF*6R*01~SE*6122*190300899~GE*1*40066653~IEA*1*040066653~                                                  